2262 2996
1172 181 1188 195 l·
1259 190 1266 199 ι

313 297 391 328 opus
421 288 469 318 est
498 288 536 318 ad
568 287 649 318 hanc
674 287 864 317 sententiam
892 287 1129 318 sustentandam
1163 289 1263 320 valere
1292 287 1447 319 iubemus
1494 287 1549 318 sed
1570 287 1657 319 alteri
1680 288 1878 328 stropharum
1896 288 1962 328 pari
1985 287 2058 318 sub-

311 348 455 378 iunctum
475 349 523 378 est
543 347 760 388 ephymniun1‚
783 348 931 377 constans
955 356 995 377 ex
1017 347 1232 379 interiectione
1247 349 1329 378 intra
1343 357 1546 379 numerorum
1562 348 1831 378 continuationem
1846 357 1911 378 non
1926 349 2059 388 recepta,

313 407 491 446 anapaestis
513 406 641 447 aliquot,
661 405 799 445 denique
821 406 932 446 paucis
948 406 1116 447 logaoedis
1154 407 1255 438 simile
1272 409 1410 447 systema
1427 408 1559 448 primam
1577 407 1734 449 stropham
1752 407 1896 448 sequitur
1912 408 2059 438 constans

313 476 354 497 ex
374 466 600 504 interiectione,
625 465 813 506 anapaestis,
841 465 1009 507 logaoedis‚
1027 465 1149 496 iambis.
1193 468 1315 498 tertiam
1342 467 1479 508 denique
1506 476 1570 497 non
1593 467 1746 498 dissimile
1775 467 1911 508 exeipit,
1933 466 1988 497 sed
2010 466 2060 497 hic

311 525 485 557 interiectio
508 527 542 556 in
562 526 749 565 anapaestos
769 526 895 565 recepta
917 526 974 562 est,
998 534 1133 566 quorum
1156 536 1308 558 numerus
1328 527 1425 558 multo
1441 527 1549 565 maior,
1571 527 1709 567 deniquo
1726 527 1906 567 logaoedica
1921 526 2060 557 membra

313 585 386 626 duo,
407 585 578 616 iambicum
609 594 720 615 unum.
766 584 864 615 nihilo
893 590 999 616 tamen
1022 587 1126 616 secius
1149 587 1341 618 Gedofredus
1363 586 1568 618 Hei-mannus
1591 588 1772 618 auctoritate
1794 597 1852 617 sua
1873 587 2005 627 pervicit
2029 588 2061 616 ut

313 645 389 676 haee
409 645 492 675 inter
514 653 548 675 se
569 644 760 684 respondere
781 644 982 676 crederentur
1002 647 1032 675 et
1054 647 1089 675 ut
1110 646 1335 686 responderent
1358 647 1594 678 violentissimis
1616 647 1842 677 mutationibus
1865 648 2058 688 cogerentur.

311 705 385 735 talia
412 704 546 735 refutare
576 706 660 734 esset
683 704 782 734 otiosi.
830 706 905 735 sunt
926 706 1045 744 primae
1069 706 1241 747 tertiaeque
1271 708 1420 747 syzygiae
1443 707 1631 747 ephymnia,
1665 706 1804 736 iteranda
1825 708 1895 747 post
1916 706 2060 737 antistro-

310 764 399 804 phos,
420 764 454 794 in
475 763 637 795 codicibus
659 763 758 794 semel
781 764 904 804 scripta,
927 765 1011 804 quod
1033 765 1072 795 de
1088 764 1230 806 Cyclopis
1255 765 1444 812 Euripideae
1465 766 1580 806 paredo
1606 765 1816 796 Kirehhoffius
1838 766 1978 804 monuit3
2000 765 2061 796 alia

310 823 458 863 exempla
478 823 562 854 idem
582 823 616 853 in
632 823 783 862 Aeschyli
798 822 1003 863 Choephoron
1027 825 1155 855 stasimo
1178 834 1278 865 paene
1301 825 1421 865 ultimo7
1445 827 1476 856 in
1492 825 1706 857 Eumenidum
1730 826 1830 865 primo
1854 827 1926 856 ante
1942 825 2061 866 aliquot

310 892 410 913 annos
431 883 541 913 amieis
563 883 835 921 commonstravit3
861 892 965 923 neque
988 884 1046 914 1100
1067 884 1260 925 diligentiam
1283 886 1352 915 eius
1369 885 1518 926 effugisse
1534 885 1700 916 credimus.
1748 886 1874 925 inpetus
1891 885 1976 916 chori
1998 894 2060 925 quo

310 942 423 973 tumidi
445 942 710 982 Clytaemnestrae
734 944 833 974 animi
854 944 974 974 sensim
1002 944 1242 984 restinguuntur
1271 944 1370 974 donec
1400 945 1527 975 sceleris
1553 954 1621 976 eam
1644 946 1805 985 poeniteat
1828 955 1911 975 nunc
1933 945 2058 976 demum

311 1003 432 1043 ingenti
457 1011 516 1032 sua
542 1003 574 1033 vi
601 1003 760 1044 praeditus
791 1006 847 1034 est.
894 1003 978 1044 quod
1006 1004 1038 1033 in
1072 1004 1181 1035 ultimo
1211 1004 1381 1045 ephymnio
1411 1015 1504 1036 nemo
1536 1015 1599 1036 non
1624 1006 1736 1036 sentiet
1758 1005 1954 1044 Aeschyleae
1976 1014 2061 1036 acer-

308 1062 412 1094 bitatis
434 1063 562 1103 peritus.
607 1064 640 1094 in
662 1065 774 1104 primo⁷
797 1064 948 1104 quoniam
970 1063 1081 1094 tradita
1097 1064 1186 1094 lectio
1204 1063 1300 1095 simul
1315 1066 1363 1095 est
1376 1065 1580 1105 restituenda⁷
1602 1064 1792 1096 docebimus.
1840 1065 1950 1105 incipit
1964 1065 2061 1106 igitur

310 1123 423 1153 chorus
444 1123 615 1164 planctum,
648 1124 731 1154 vitae
755 1132 789 1153 se
812 1123 936 1154 taedere
960 1133 1032 1154 cum
1056 1125 1252 1164 Agamemno
1273 1133 1328 1165 per
1359 1124 1523 1155 mulierem
1547 1124 1667 1163 obierit,
1689 1126 1733 1155 tot
1755 1125 1916 1155 aerumnis
1938 1126 2062 1165 propter

308 1182 475 1213 mulierem
500 1183 675 1214 exantlatis.
722 1183 892 1224 ephymnio
914 1183 1038 1214 Helena
1059 1184 1242 1224 devovetur,
1274 1194 1368 1224 quam
1396 1180 1676 1226 παρετυμολογίζων
1702 1185 1776 1215 (11011.
1799 1181 1884 1226 Ἔριν
1906 1180 2062 1226 ἐρίδματον

309 1237 412 1284 ἀνδρὸς
441 1237 517 1278 οἰζύν
542 1243 651 1273 fuisse.
697 1244 863 1274 remittitur
889 1245 932 1274 ita
960 1244 1055 1274 lector
1084 1244 1122 1274 ad
1152 1245 1344 1284 superiorein
1373 1244 1596 1285 etymologiam
1625 1243 1742 1280 ἑλέναυς
1764 1239 1875 1285 ἑλάνωρ
1899 1243 2060 1282 ἐλέπτολις,

308 1302 402 1342 atque
431 1301 475 1332 ibi
506 1312 632 1343 quoque
658 1303 778 1334 Achaei
807 1303 846 1334 ad
875 1302 1034 1334 Simoenta,
1056 1303 1256 1344 adpellebant
1284 1299 1321 1333 δι’
1345 1300 1430 1346 Ἔριν
1453 1299 1654 1345 αἱματόεσσαν
1678 1305 1763 1340 (111110
1786 1305 1880 1335 etiam
1902 1304 2061 1344 profectus

309 1360 478 1400 Euripides
497 1360 655 1392 Helenam
670 1357 754 1404 Ἔριν
775 1361 897 1391 Δαναῶν
919 1361 999 1392 dixit
1021 1362 1054 1392 in
1069 1361 1211 1393 Helenae
1234 1365 1353 1394 cantico
1379 1364 1462 1404 quod
1485 1374 1585 1406 nuper
1606 1365 1785 1395 restitutum
1808 1365 1856 1395 est
1875 1365 1909 1394 in
1923 1363 2060 1395 Hermae

309 1420 370 1450 vol.
391 1429 446 1450 xlv
467 1430 496 1460 p.
522 1420 602 1461 180).
650 1420 897 1461 Clytaemnestra
919 1431 983 1451 non
1005 1421 1098 1452 habet
1121 1422 1203 1462 quod
1228 1425 1371 1463 opponat,
1399 1423 1461 1453 nisi
1484 1425 1519 1453 ut
1540 1425 1634 1464 neget
1653 1422 1796 1454 Helenae
1818 1424 1941 1453 tantum
1963 1422 2061 1452 fuisse

307 1479 439 1510 facinus.
485 1482 515 1510 at
539 1480 668 1520 chorus,
697 1482 788 1520 quasi
816 1490 880 1511 non
904 1481 1044 1511 audisset
1073 1482 1177 1521 ssiam,
1210 1482 1397 1513 daemonem
1426 1484 1551 1513 invocat
1574 1484 1628 1523 qui
1652 1482 1832 1513 Atridarum
1855 1482 1983 1512 domum
2005 1491 2061 1521 per

308 1538 477 1569 mulierum
499 1540 631 1570 nimiam
652 1541 825 1579 potentiam
846 1541 992 1570 everterit

311 1598 392 1628 1473
603 1598 649 1628 ἐπὶ
673 1594 708 1628 δὲ
729 1594 870 1640 σώματος
892 1595 977 1629 δίκαν
999 1594 1124 1642 κόρακος
1144 1601 1255 1642 ἐχθροῦ
1278 1603 1400 1638 σταθεὶς
1422 1597 1550 1643 ἐννόμως

689 1656 778 1699 ὕμνον
795 1655 892 1700 ὑμνεῖν
912 1654 1072 1700 ἐπεύχεται
1098 1662 1270 1702 <ver-9651>

575 1712 642 1755 Ἳώ,

311 1775 391 1805 1455
601 1772 744 1819 παράνους
764 1774 884 1816 Ἑλένα,
907 1777 959 1819 μία
980 1774 1035 1813 τὰς
1057 1773 1179 1816 πολλάς,
1202 1775 1257 1814 τὰς
1273 1774 1348 1808 πάνυ
1370 1776 1484 1815 πολλὰς
1506 1776 1602 1821 ψυχὰς
1624 1778 1740 1810 ὀλέσας’
1766 1777 1823 1811 ὑπὸ
1847 1780 1948 1822 Τροίᾳ,

601 1838 649 1865 νῦν
670 1836 774 1867 τέλεον
795 1832 1004 1878 πολύμναστον
1026 1837 1177 1871 ἐπηνθίσω

310 1894 389 1924 1461
602 1891 637 1924 δι’
666 1893 722 1936 αἷμ’
752 1892 887 1926 §tvm-mv·
909 1892 927 1930 ἦ
950 1908 995 1932 τις
1015 1893 1050 1930 ἦν
1072 1892 1133 1927 τότ’
1163 1897 1192 1927 ἐν
1213 1893 1315 1938 δόμοις
1332 1894 1416 1940 ”Ερις
1436 1894 1591 1941 ἐρίδματος
1620 1894 1722 1940 ἀνδρὸς
1744 1893 1845 1934 οἰζύς.”

309 1953 389 1983 1475
489 1953 556 1983 ΚΛ.
600 1956 647 1984 νῦν
669 1950 835 1997 ὃῶρθωσας
862 1952 1013 1998 στόματος
1034 1952 1154 1998 γνώμην
1175 1957 1237 1987 κτὲ.

307 2012 433 2053 adparet
459 2023 545 2045 nunc
574 2014 702 2046 demum
730 2016 846 2047 iustam
874 2026 945 2047 csse
976 2018 1202 2048 sententiarum
1232 2019 1511 2049 continuationem.
1557 2018 1669 2059 repetit
1700 2017 1813 2047 chorus
1843 2018 2059 2058 ephymnium,

305 2082 417 2104 verum
442 2074 484 2105 ita
505 2076 624 2105 utnon
647 2084 705 2106 sua
725 2075 822 2107 verba
851 2077 914 2107 sint
947 2077 1002 2107 sed
1030 2077 1201 2108 daemonis.
1248 2087 1333 2108 nunc
1358 2077 1608 2117 Clytaemnestra
1629 2079 1807 2109 consentire
1829 2080 1945 2119 potest,
1973 2088 2060 2109 nune

307 2128 434 2174 ἐννόμως
459 2133 537 2165 illud
564 2145 591 2165 v.
618 2136 698 2166 1473
728 2135 854 2167 tandem
884 2137 950 2167 vim
983 2146 1073 2167 suam
1103 2138 1230 2177 accipit:
1265 2147 1351 2168 nunc
1382 2138 1610 2179 intellegimus,
1643 2139 1727 2179 quod
1756 2140 1847 2169 antea
1876 2148 1972 2169 sensu
1995 2140 2060 2168 erat

307 2201 442 2233 cassum,
470 2193 656 2226 daemonem
679 2205 744 2226 non
768 2196 952 2236 simpliciter
974 2197 1035 2227 diei
1057 2198 1205 2228 naeniam
1225 2207 1353 2237 canere,
1387 2199 1442 2229 sed
1464 2208 1500 2229 eo
1522 2198 1647 2239 gloriari
1673 2198 1757 2239 quod
1780 2199 1849 2228 iure
1872 2200 1962 2228 canat
1984 2207 2059 2228 nae-

307 2253 399 2283 niam.
455 2255 549 2294 atque
571 2264 643 2285 cum
667 2258 758 2286 antea
781 2266 844 2287 11011
867 2257 935 2287 31110
959 2257 1062 2297 specie
1085 2258 1152 2288 veri
1179 2257 1217 2288 de
1239 2258 1422 2298 antistrophi
1446 2259 1621 2298 integritate
1643 2257 1819 2288 dubitatum
1842 2258 1891 2296 sit,
1920 2266 1977 2287 nos
2000 2259 2060 2287 tra—

305 2311 369 2342 dita
396 2321 560 2343 servamus
590 2315 711 2353 omnia3
743 2314 889 2346 lacunam
920 2315 1119 2346 manifestam
1151 2326 1191 2346 ex
1219 2326 1280 2347 usu
1309 2317 1480 2357 Euripideo
1511 2318 1730 2358 explevimus,
1761 2318 1814 2348 sed
1849 2316 1926 2347 nihil
1958 2318 2060 2357 potest

307 2370 462 2402 adfirmari
492 2373 555 2403 nisi
590 2374 786 2405 intercidisse
815 2375 899 2415 quod
928 2375 966 2405 de
1001 2375 1118 2414 hymno
1149 2376 1390 2417 praedicaretur.
1443 2377 1536 2408 etiam
1566 2377 1596 2407 in
1627 2377 1798 2417 ephymnio
1829 2376 1938 2407 tradita
1969 2376 2059 2406 resti-

306 2430 427 2461 tuimus
451 2433 573 2471 omnia;
606 2434 822 2465 tantummodo
845 2434 899 2465 ubi
923 2444 981 2465 nos
1005 2434 1109 2465 τέλεον
1131 2438 1228 2466 meti-e
1250 2436 1402 2467 suadente
1426 2436 1570 2467 dedimus
1593 2437 1716 2467 codices
1738 2432 1772 2466 δὲ
1795 2436 1912 2466 τελείαν
1934 2435 2059 2473 habent,

307 2490 459 2530 particula
479 2494 622 2532 proterve
652 2494 845 2534 interpolata,
876 2504 948 2525 011111
972 2495 1162 2526 antecedens
1193 2496 1392 2536 participium
1416 2496 1454 2526 ad
1477 2497 1656 2527 vocativum
1679 2497 1855 2537 adpositum
1879 2505 1950 2526 esse
1972 2495 2060 2526 vide-

306 2551 399 2580 retur.
447 2560 520 2581 nam
543 2552 626 2592 quod
647 2552 790 2584 librarios
807 2554 906 2595 latuit⁷
928 2555 1123 2595 Aeschylum
1146 2566 1185 2586 ex
1209 2555 1305 2587 verbo
1329 2556 1479 2590 ἐπηνθίσω
1501 2556 1639 2597 suppleri
1664 2556 1802 2587 voluisse
1826 2555 2056 2586 substantivum

308 2606 415 2649 ἄνθος,
442 2612 476 2640 nt
507 2620 563 2651 per
585 2614 774 2654 sanguinem
798 2623 862 2644 non
886 2614 1058 2646 eluendum
1081 2615 1211 2646 ultimus
1237 2615 1295 2646 flos
1318 2615 1493 2647 effloruisse
1524 2616 1777 2657 intellegeretur,
1805 2616 1895 2646 cuius
1919 2624 1989 2646 sero
2012 2615 2060 2645 in-
