2262 2996
236 292 418 333 pervidere:
453 292 568 323 summi
600 293 709 332 poetae
741 289 914 321 absurdum
943 288 1052 320 flatum
1080 288 1170 327 clagis
1199 289 1332 322 vocibus
1363 291 1407 321 ita
1435 299 1602 331 opponere.
1648 289 1791 321 Pratinas
1817 289 1893 330 quid
1913 298 1988 320 cum

236 353 366 383 omnino
395 354 462 383 tum
491 352 548 382 hac
580 351 801 391 conparatione
829 350 963 380 voluerit
990 347 1068 379 nihil
1096 332 1209 381 mblius
1231 350 1377 381 inlustrat
1398 359 1494 390 quam
1515 349 1816 390 Aristophanearum
1839 359 1987 380 ranarum

235 412 367 450 chorus,
397 412 451 452 qni
478 412 621 451 protervo
652 411 766 440 coaxat
795 409 898 449 quoad
927 407 1056 448 remigis
1086 407 1227 440 celeritas
1255 410 1418 440 κελευστοῦ
1449 409 1580 440 halitum
1609 411 1743 451 superat.
1796 418 1833 440 ac
1860 408 1987 450 Stygiae

236 480 364 512 quoque
386 469 509 512 paludis
531 469 666 500 incolam
684 468 795 500 Musae
812 467 879 498 Pan
895 466 1008 507 Apollo
1033 469 1177 499 amarunt
1199 467 1284 499 ἕνεκα
1307 463 1433 504 δόνακος
1455 466 1487 498 ὃν
1508 463 1664 511 ὑπολύριον
1686 464 1802 511 ἔνυδρον
1825 468 1855 498 ἐν
1874 467 1989 510 λίμναις

235 530 345 573 τρέφει.
392 540 433 560 ex
454 539 483 559 v.
510 529 547 559 10
574 528 806 569 polysynthetis
835 527 973 567 primum
999 525 1156 567 Bergkius
1184 529 1309 569 egregie
1330 529 1537 569 recuperavit,
1563 529 1696 560 alterum
1718 527 1821 559 codex
1842 528 1989 567 servavit,
2008 571 2018 576 -

235 591 317 621 tertii
337 590 456 630 primae
478 591 540 619 tres
563 588 702 628 syllabae
724 587 902 629 perierunt3
925 596 942 616 e
958 585 1075 627 quibus
1091 586 1186 628 vulgo
1201 587 1344 619 ultimam
1359 589 1481 618 tantum
1495 589 1693 628 resuscitant,
1715 590 1813 618 metro
1835 587 1987 628 iugulato.

235 659 294 680 nec
322 648 437 680 sufficit
464 650 499 679 ut
525 647 603 679 tibia
627 657 720 678 rauco
744 656 821 677 sono
844 646 1001 687 ganniens
1025 646 1067 676 ita
1089 646 1234 678 incedere
1258 647 1379 678 dicatur
1399 649 1434 678 ut
1454 647 1615 687 rythmum
1635 647 1783 688 neglegat
1804 649 1898 688 atque
1921 656 1990 688 pei·-

236 710 348 739 veitat:
374 707 431 738 hoc
454 708 547 739 etiam
571 708 734 739 velocitate
759 705 826 736 fieri
848 707 957 745 potest.
992 706 1047 737 sed
1071 706 1116 736 uti
1138 706 1294 747 superbus
1317 707 1382 738 ales
1403 706 1506 748 reptili
1521 706 1670 738 bestiolae
1686 708 1851 748 oppositus
1867 709 1925 747 est,
1948 707 1990 737 ita

235 777 438 799 numerorum
468 768 698 799 volubilitatem
726 767 857 797 eatenus
886 768 1008 797 auctam
1039 766 1140 797 voluit
1168 765 1327 807 mannas,
1356 768 1391 797 ut
1412 766 1551 797 tibicinis
1572 766 1699 798 tarditas
1718 767 1833 798 frustra
1857 767 1990 799 salivam

235 828 383 869 perderet.
430 837 458 857 v.
476 827 512 857 11
537 827 626 857 initio
650 828 733 855 θ-υπα
755 825 903 856 traditum
926 827 989 865 est3
1015 835 1077 866 quo
1099 827 1249 866 quoniam
1270 826 1504 857 substantivum
1521 825 1682 857 obscurari
1698 826 1901 859 manifestum
1915 829 1991 866 orat,

234 898 297 918 non
313 887 393 918 male
406 886 593 928 Hartungus
609 888 701 923 θῆτα,
718 885 801 926 quod
816 885 908 916 nobis
926 895 1053 926 quoque
1070 886 1144 918 olim
1158 887 1191 918 in
1207 888 1347 918 mentem
1361 888 1503 917 venerat:
1521 886 1621 917 donec
1632 895 1743 917 verum
1758 886 1988 928 indagavimus.

399 947 428 977 A
450 946 576 978 Pratina
600 947 639 977 ad
662 947 850 977 Anscnrnvn
881 955 918 976 eo
948 945 1099 977 libentius
1128 947 1300 978 transimus
1324 946 1409 987 quod
1439 946 1489 977 hic
1519 947 1622 986 poeta,
1645 946 1736 976 onius
1758 947 1921 978 maiestate
1943 947 1992 977 in-

234 1009 408 1047 corruptam
433 1006 664 1038 adulescentiae
689 1005 880 1036 alacritatem
909 1006 1059 1036 acerrime
1082 1007 1273 1037 commoveri
1297 1008 1328 1037 et
1350 1006 1388 1037 ad
1412 1007 1562 1037 virtutem
1584 1006 1716 1037 excitari
1736 1006 1799 1046 ipsi
1821 1007 1992 1047 sensimus,

234 1067 387 1098 senectuti
416 1066 607 1097 fidissimum
637 1066 759 1096 socium
790 1068 884 1106 atque
916 1066 1053 1096 amicum
1086 1075 1120 1097 se
1146 1066 1293 1107 praebuit
1321 1068 1356 1098 ut
1385 1067 1460 1098 olim
1481 1066 1648 1111 Welckero
1676 1067 1707 1097 et
1731 1065 1916 1098 Hermanno
1949 1067 1993 1098 ita

236 1135 338 1166 nuper
359 1126 578 1157 Schoemanno
601 1128 716 1156 nostro.
762 1126 854 1156 cuius
885 1135 978 1156 curae
1001 1125 1197 1165 Aeschyleae
1222 1128 1256 1156 ut
1276 1136 1377 1168 pauca
1400 1127 1628 1167 progenuerint
1649 1126 1811 1166 duratura,
1833 1126 1865 1156 id
1886 1128 1992 1158 tamen

233 1186 271 1217 ab
294 1187 351 1217 hoc
374 1187 574 1227 potissimum
596 1186 726 1226 potestis
747 1185 878 1225 discere,
901 1186 1142 1226 commilitones,
1167 1186 1252 1227 quod
1268 1187 1302 1216 in
1319 1195 1444 1217 summo
1459 1186 1650 1217 Graecorum
1669 1188 1762 1227 poeta
1780 1186 1992 1228 intellegendo

234 1255 393 1277 summum
415 1252 478 1276 est:
503 1247 643 1277 animum
664 1245 752 1285 pium
775 1248 870 1286 atque
885 1246 1080 1286 religiosum,
1124 1246 1264 1276 alienum
1287 1256 1305 1276 a
1327 1246 1408 1276 tristi
1431 1247 1654 1287 superstitione
1676 1247 1856 1288 ignavaque
1881 1246 1992 1277 credu-

233 1306 327 1345 litate,
352 1316 415 1336 non
439 1307 544 1336 minus
568 1305 707 1336 alienum
727 1305 764 1335 ab
790 1305 953 1346 adroganti
976 1309 1116 1346 capt-atae
1142 1306 1290 1336 humanis
1312 1306 1498 1337 ratiunculis
1515 1307 1642 1338 divinae
1657 1307 1798 1338 veritatis
1814 1307 1990 1338 iactatione.

234 1367 310 1407 quin
333 1366 482 1405 Aeschyli
504 1365 679 1406 tragoedias
710 1368 872 1406 tamquam
902 1375 1023 1396 sacram
1047 1366 1231 1406 scripturam
1254 1366 1359 1407 legaS‚
1388 1376 1564 1408 numquam
1595 1367 1769 1408 intelleges
1815 1370 1923 1398 contra
1944 1376 1993 1398 re-

233 1427 313 1456 centi
337 1425 374 1457 ab
399 1426 544 1456 Oresteae
567 1426 702 1456 lectione
726 1427 753 1455 si
778 1425 835 1456 tibi
857 1426 1000 1456 hodierni
1035 1426 1194 1466 sapientes
1217 1425 1506 1467 declamitaverint⁷
1535 1426 1611 1458 deos
1633 1427 1879 1458 Atheniensium
1901 1428 1992 1458 natos

233 1496 302 1516 esse
325 1488 485 1526 tamquam
507 1486 630 1516 fumum
654 1495 691 1516 cx
717 1485 839 1526 fulgore
862 1489 916 1516 aut
938 1488 1099 1525 tamquam
1122 1486 1256 1527 fungum
1279 1496 1321 1516 ex
1344 1486 1463 1526 pluvia⁷
1481 1486 1610 1527 ridebis,
1633 1488 1660 1517 si
1682 1488 1715 1517 in
1737 1497 1771 1518 re
1787 1496 1874 1518 sacra
1889 1487 1991 1518 ridere

232 1546 356 1585 potoris„
391 1546 441 1575 siu
470 1545 577 1575 minus
607 1546 766 1585 optionem
800 1554 959 1585 propones
994 1545 1165 1586 sacrilegae
1198 1545 1383 1576 absurditati
1415 1545 1499 1586 apud
1531 1546 1649 1576 inferos
1677 1549 1731 1577 aut
1755 1545 1833 1577 Ocni
1857 1546 1992 1577 asellum

231 1604 382 1645 pascendi
410 1607 463 1635 aut
487 1604 821 1645 Pyriphlegethontem
852 1604 952 1635 cribro
985 1604 1165 1645 hauriendi,
1186 1605 1255 1645 ipse
1278 1607 1385 1636 autem
1407 1604 1611 1636 admiraberis
1630 1606 1779 1646 antiquos
1801 1605 1872 1636 illos
1895 1605 1992 1638 Athe-

232 1666 361 1696 nienses
392 1665 445 1705 qui
475 1660 670 1695 ἐνδείκνυνται
708 1662 744 1695 τὸ
781 1666 864 1707 ἔργον
898 1667 952 1695 τοῦ
979 1660 1069 1707 νόμου
1100 1662 1232 1707 γραπτὸν
1267 1665 1296 1694 ἐν
1324 1669 1389 1701 ταῖς
1418 1660 1550 1707 καρδίαις
1584 1663 1701 1706 αὐτῶν,
1733 1660 1994 1708 συμμαρτυρούσης

231 1726 285 1760 τῆς
307 1719 499 1759 συνειὸνῖσεως
522 1725 571 1754 καὶ
592 1720 706 1765 μεταξὺ
728 1719 870 1758 ἀλλήλων
892 1727 954 1754 τῶν
977 1726 1132 1767 λογισμῶν
1155 1720 1403 1768 κατηγορούντων
1425 1722 1443 1754 ’ἶ
1467 1725 1516 1755 καὶ
1538 1723 1797 1768 ἀπολογουμένων.
1842 1727 1873 1757 at
1887 1725 1991 1757 hercle

230 1783 449 1814 difficillimum
479 1787 526 1814 est
554 1785 721 1815 emendare
743 1784 919 1825 tragoedias
943 1794 1022 1825 quas
1054 1788 1085 1815 ut
1118 1785 1339 1827 intellegamus
1362 1786 1395 1815 in
1417 1784 1512 1816 rebus
1535 1787 1566 1816 et
1589 1786 1686 1817 sacris
1710 1787 1741 1816 et
1762 1785 1900 1826 publicis
1922 1795 1992 1817 ver-

232 1846 293 1876 sari
317 1844 470 1875 debemus
492 1845 571 1875 sicut
594 1844 757 1885 eupatrida
781 1849 812 1875 et
830 1844 1024 1875 Eleusinius.
1060 1845 1192 1876 fortasse
1215 1854 1273 1876 nos
1297 1855 1425 1886 quoque
1445 1855 1564 1886 poenas
1588 1845 1733 1877 dabimus
1755 1845 1915 1886 audaciae,
1937 1845 1993 1876 sed

232 1904 367 1944 profecto
393 1914 457 1934 non
488 1905 554 1934 istis
586 1904 742 1935 iudicibus
777 1906 831 1945 qui
861 1904 954 1935 hodic
984 1914 1153 1936 censuram
1183 1914 1276 1946 agere
1303 1914 1338 1936 se
1369 1905 1521 1937 simulant
1551 1906 1628 1937 dum
1654 1907 1715 1947 ipsi
1736 1905 1861 1936 cottidie
1882 1914 1991 1936 emen-

231 1964 429 1995 datinnculas
467 1968 629 2005 procreant
669 1964 810 1995 bestiolis
848 1965 912 1995 illis
947 1965 1067 1996 similes
1094 1975 1173 2006 <pias
1206 1966 1241 1996 in
1274 1965 1406 2006 Hypani
1444 1965 1543 1996 fluvio
1579 1966 1689 1997 eadem
1725 1966 1796 1996 luce
1836 1967 1867 1995 et
1902 1965 1991 1995 nasci

231 2024 335 2054 ferunt
357 2027 387 2054 et
410 2025 497 2056 mori.
541 2023 618 2054 istos
644 2025 744 2063 βιᾶται
766 2021 785 2053 α
800 2020 927 2054 τάλαινα
944 2025 957 2054 Ι
964 2022 1055 2054 [ειθώ
1075 2020 1250 2067 Ηροβούλου
1273 2030 1340 2061 παῖς
1363 2021 1490 2068 ἄφερτος
1507 2022 1606 2061 Ἄτας.
1629 2021 1716 2061 Ἄκος
1731 2020 1765 2055 δὲ
1780 2027 1838 2055 πᾶν
1854 2019 1990 2067 μάταιον.

233 2082 286 2113 οὐκ
309 2078 451 2126 ἐκρύφθη,
476 2083 589 2125 Πρέπει
611 2080 645 2113 δὲ
671 2086 734 2125 φῶς
757 2083 936 2125 αἰνολαμπές
964 2084 1052 2120 πίνος.
1100 2085 1202 2115 Κακοῦ
1230 2080 1265 2114 δὲ
1286 2087 1404 2126 χαλκοῦ
1426 2080 1535 2127 τρόπον
1557 2085 1656 2128 Τρίβῳ
1679 2095 1714 2115 τε
1739 2085 1788 2114 καὶ
1813 2085 1991 2127 προσβολαῖς

232 2142 438 2185 Μελαμτιαγὲς
465 2142 549 2173 πέλει
577 2143 766 2182 Δικαιωθείς,
799 2145 861 2174 ἐπεὶ
890 2139 996 2174 Atel-‘esi
1025 2149 1091 2180 παῖς
1127 2141 1256 2175 ποτανὸν
1284 2141 1374 2187 ὄρνιν,
1414 2140 1512 2175 Πόλει
1538 2140 1725 2187 πρόστριμμα
1762 2144 1826 2180 θεὶς
1853 2141 1990 2186 ἄφερτον.

232 2204 326 2234 Λιτᾶν
358 2199 386 2233 δ’
414 2198 516 2233 ἀκούει
549 2202 601 2245 μὲν
631 2200 710 2239 οὔτις
738 2206 833 2234 θεῶν·
864 2201 917 2234 τὸν
940 2200 969 2234 δ’
998 2205 1173 2248 ἐπίστροφον
1195 2200 1292 2235 τῶνδε
1317 2207 1407 2247 φῶτα
1429 2204 1501 2235 Δίκα
1524 2207 1670 2247 καθαιρεῖ.
1714 2204 1857 2236 Iustitiae
1881 2205 1909 2235 Si
1931 2204 1991 2235 hoc

232 2264 299 2294 loco
328 2273 423 2295 suum
450 2263 637 2304 tribuimus,
666 2265 727 2294 Ate
758 2265 889 2295 sonasse
920 2275 983 2295 non
1012 2265 1235 2297 criminabitur*
1259 2266 1391 2297 alterum
1420 2266 1507 2297 hunc
1537 2266 1609 2296 Δίκα
1634 2261 1664 2295 δ’
1692 2264 1734 2296 ἐπ’
1761 2262 1838 2295 ἄλλο
1867 2267 1990 2308 πρᾶγμα

233 2319 358 2365 θηγάνει
381 2319 502 2363 Βλάβας
528 2321 606 2366 Πρὸς
624 2320 712 2359 Ἄτας
742 2320 887 2366 θηγάναις
916 2320 1072 2368 μάχαιραν.
1115 2326 1265 2367 leguntur
1294 2326 1371 2357 haec
1398 2327 1431 2357 in
1454 2326 1564 2357 ultimo
1585 2326 1835 2367 Agamemnonis
1858 2326 1990 2366 cantico,

233 2384 271 2414 de
302 2394 364 2425 quo
392 2383 545 2414 habemus
576 2384 661 2424 quod
693 2385 844 2416 dicamus.
902 2388 1023 2417 constat
1053 2396 1094 2417 ex
1125 2386 1225 2417 tribus
1252 2386 1448 2427 stropharum
1470 2386 1605 2427 [paribus
1638 2395 1718 2427 quae
1754 2386 1868 2418 chorus
1891 2386 1989 2425 canit3

233 2444 361 2475 chorum
384 2444 529 2483 dicimus7
551 2454 624 2475 nam
647 2444 825 2476 Hermanni
847 2455 919 2475 cum
942 2446 1018 2476 haec
1039 2448 1107 2477 tum
1129 2446 1189 2478 alia
1204 2447 1286 2477 inter
1305 2447 1449 2487 singulos
1465 2447 1630 2478 choreutas
1646 2447 1853 2488 dispescentis
1869 2456 1990 2478 errores

233 2504 325 2535 silere
355 2506 497 2545 praestat.
544 2505 636 2535 choro
664 2506 825 2546 anapaesti
845 2505 1112 2545 Clytaemnestrae
1139 2507 1351 2547 respondent,
1382 2517 1462 2548 quos
1492 2507 1578 2538 idem
1600 2507 1804 2538 Hermannus
1832 2507 1990 2539 consimili

234 2573 336 2595 errore
359 2565 600 2606 antistrophicos
622 2565 776 2606 reddidit,
809 2567 900 2606 quasi
923 2567 1183 2607 antistrophicum
1207 2577 1278 2598 esse
1307 2569 1415 2608 posset
1445 2577 1573 2599 carmen
1594 2568 1770 2599 recitationi
1793 2578 1858 2600 non
1883 2567 1990 2599 cantui

234 2625 396 2665 scriptum,
420 2636 436 2656 e
460 2627 603 2656 numeris
623 2629 773 2657 constans
796 2624 875 2656 κατὰ
896 2626 996 2667 σχέσιν
1020 2628 1219 2659 continuatis.
1265 2628 1399 2659 lacunas
1422 2629 1517 2669 igitur
1538 2631 1568 2659 et
1589 2629 1848 2669 interpolationes
1872 2628 1989 2671 quibus
