2262 2996
1070 215 1118 219 —
1173 198 1192 225 {l
1246 213 1293 220 —.

306 300 399 330 iussit
422 299 634 331 Kirchhoffius
656 300 766 331 leviter
787 299 984 330 obscuratam
1008 300 1204 332 ostendimus
1234 302 1267 331 in
1291 309 1385 331 aureo
1407 299 1446 329 de
1466 298 1539 329 Rev.
1564 299 1791 330 Arnnxuxxswn
1816 299 1929 330 libello.
1977 301 2061 340 prin-

307 360 427 399 cipium
454 359 583 390 alterius
610 359 721 399 eapitis
750 368 814 389 non
842 361 943 400 potest
976 360 1162 399 reprehendi
1197 361 1240 391 ita
1271 361 1421 400 scriptum
1450 356 1486 389 τὸ
1518 355 1553 388 δὲ
1581 355 1734 389 ὁπλιτικὸν
1758 357 1874 394 αὐτοῖς,
1907 358 1922 389 ὃ
1949 358 2060 393 ἥκιστα

306 415 392 449 δοκεῖ
411 415 444 449 εὖ
466 420 544 461 ἐχειν
557 413 729 455 Ἀθήνησιν,
761 417 842 448 οὕτω
875 418 1062 452 καθέστηκε·
1095 422 1156 449 τῶν
1185 418 1238 461 μὲν
1260 419 1409 460 πολεμίοιν
1429 416 1539 454 ἥττους
1561 429 1595 448 τε
1618 420 1693 460 σφᾶς
1717 415 1824 454 αὐτοὺς
1844 415 1988 460 ’ἡγοῦνται
2008 419 2058 448 καὶ

307 473 446 514 ὸλείζους,
471 479 533 507 τῶν
554 472 589 507 δὲ
611 472 787 519 συμμάχων,
808 479 836 507 οἳ
856 477 973 519 φέρουσι
995 475 1048 508 τὸν
1070 473 1174 520 φόρον,
1198 479 1247 509 καὶ
1274 475 1355 508 κατὰ
1375 479 1430 519 γῆν
1450 472 1603 520 κράτιστοί
1627 480 1705 507 εἰσιν.
1750 478 1836 518 prius
1859 478 2058 508 enuntiatum

306 538 493 568 lacunosum
515 546 586 567 esse
607 539 693 567 ratus
717 540 765 567 est
781 536 1004 577 Kimhhoffius,
1026 539 1061 568 ut
1083 541 1130 567 est
1152 539 1182 568 in
1204 538 1285 568 hanc
1306 537 1494 568 medicinam
1517 537 1621 577 paullo
1645 538 1845 577 propensior:
1870 546 1928 568 nos
1946 536 2059 567 vitium

307 596 495 627 sustulimus
510 595 612 626 deleto
634 595 684 626 καί
707 597 789 636 quod
813 597 843 627 in
868 596 1029 627 codicibus
1054 600 1101 627 est
1124 599 1193 637 post
1214 596 1396 634 καθέστηκε,
1420 596 1546 627 ultimae
1563 596 1701 635 syllabae
1717 596 1932 638 ‹littographia
1980 606 2060 636 quae

307 658 457 687 secuntur
479 656 534 687 diu
557 661 605 687 est
627 666 666 687 ex
692 666 753 696 quo
777 657 1001 693 emendantur,
1030 666 1144 697 magno
1168 656 1344 694 molimine,
1376 656 1479 685 fructu
1502 654 1606 687 nullo:
1633 664 1704 684 nam
1727 650 1858 690 ὀλείζους
1880 654 2059 685 faelendum

306 725 377 746 esse
400 725 438 746 ex
464 710 579 757 μείζους
602 725 695 746 nemo
719 718 836 756 poterat
858 716 966 746 videre
988 718 1157 756 antequam
1178 716 1313 746 Atticam
1337 716 1416 745 hanc
1438 724 1548 746 vocem
1573 724 1644 745 esse
1671 715 1817 744 constitit.
1861 716 1967 744 eontra
1988 724 1998 743 1
2022 714 2059 743 14

306 778 405 817 μειοῦν
441 775 562 806 alienae
593 775 791 806 coniecturae
822 775 991 806 obsecutus
1021 776 1093 806 huie.
1129 776 1267 816 scriptori
1297 775 1454 805 concessit
1482 774 1708 805 Kirchhoffius:
1742 784 1799 803 nos
1830 773 2059 814 Xenophonteo

306 835 458 866 vocabulo
480 835 760 875 Archeptolemum
789 835 927 875 aliquem
959 839 1012 865 aut
1034 834 1214 874 Lycurgum
1243 843 1337 865 usum
1364 844 1434 864 esse
1464 843 1626 874 negamus.
1673 834 1705 864 in
1728 833 1847 864 traditis
1871 837 1975 864 autem
1997 833 2060 874 περὶ

305 892 340 925 δὲ
369 897 430 925 τῶν
461 890 638 936 συμμάχων’
656 893 704 925 ὅτι
727 894 903 930 ἐκπλέοντες
935 896 1180 935 συκοφαντοῦσιν,
1209 890 1249 929 ὡς
1271 889 1406 930 δοκοῦσι,
1431 894 1480 923 καὶ
1503 896 1620 934 μισοῦσι
1641 889 1710 928 τοὺς
1732 888 1879 934 χρηστούς
1910 902 1973 923 non
1996 896 2058 923 tani

305 958 420 996 μισοῦσι
441 955 584 995 displicet
607 964 702 995 quam
723 954 864 984 modeste
888 954 938 984 vel
963 955 1067 994 petius
1089 953 1222 984 absurde
1244 953 1385 984 additum
1409 949 1449 988 ὡς
1470 949 1601 982 δοκοῦσι.
1645 952 1852 985 adumbravit.
1876 955 1910 983 ut
1926 952 2058 991 videtur,

305 1016 435 1055 scriptor
462 1024 590 1045 causam
621 1015 698 1045 socii
720 1014 758 1045 ad
781 1014 934 1044 iudicium
958 1014 1097 1044 Atticum
1120 1014 1252 1044 delatam
1276 1014 1325 1043 καὶ
1349 1015 1566 1054 συκοφαντοῦσι
1589 1013 1638 1042 καὶ
1661 1007 1801 1042 διώκουσι
1824 1013 1873 1042 καὶ
1896 1011 2059 1053 ἀτιμοῦσιν.

304 1075 426 1106 lacunis
451 1074 695 1105 Kirchhoffianis
726 1074 823 1104 careri
853 1076 955 1114 potest
979 1084 987 1104 i
1012 1074 1049 1104 10
1072 1073 1126 1104 ubi
1149 1074 1225 1104 haee
1249 1073 1339 1104 nobis
1362 1077 1444 1103 certe
1468 1073 1646 1113 perplacent
1669 1074 1693 1102 εἰ
1714 1067 1801 1113 νόμος
1821 1068 1855 1105 ’ἦν
1877 1069 1930 1102 τὸν
1951 1067 2059 1102 δοῦλον

303 1131 358 1165 ὑπὸ
388 1136 442 1164 τοῦ
471 1133 629 1175 ἐλευθέρου
661 1129 832 1163 τύπτεσθαι
857 1130 876 1166 ἦ
903 1130 956 1163 τὸν
980 1132 1119 1174 μέτοικον
1140 1130 1158 1166 ἦ
1181 1129 1234 1163 τὸν
1257 1128 1470 1174 ἀπελεύθερον,
1498 1127 1643 1167 πολλάκις
1666 1129 1701 1161 ἀν
1723 1132 1833 1167 οἰηθεὶς
1856 1127 1963 1162 δοῦλον
1985 1130 2057 1162 εἶναι

302 1191 354 1223 τὸν
379 1192 536 1227 Ἀθηναῖον
567 1182 713 1228 ἐπάταξες
739 1189 782 1222 ἄν.
834 1193 957 1223 codices
987 1193 1098 1228 οἰηθεὶς
1129 1191 1199 1222 εἶναι
1226 1189 1279 1222 τὸν
1297 1191 1454 1226 Ἀθηναῖον
1477 1187 1583 1221 δοῦλον
1606 1186 1753 1226 ἐπάταξεν
1775 1187 1818 1220 ἄν.
1862 1192 2055 1222 mutavimus

301 1253 468 1284 verborum
490 1252 641 1288 ordinem,
661 1256 692 1282 et
715 1253 861 1292 quamvis
884 1263 902 1282 a
924 1252 1108 1282 difficillima
1132 1251 1287 1282 medicina
1307 1251 1372 1282 fere
1394 1251 1589 1291 refugiamus
1610 1253 1714 1281 tamen
1733 1250 1820 1281 alteri
1839 1250 1903 1280 loco
1922 1250 2054 1281 eandem

299 1311 508 1342 adhibendam
532 1320 603 1342 esse
626 1310 821 1342 arbitramur,
854 1321 863 1341 1
890 1312 927 1341 18
949 1312 1028 1341 civis
1059 1312 1165 1341 socius
1193 1311 1314 1351 cogitur
1342 1310 1426 1351 plebi
1447 1310 1635 1341 Atheniensi
1665 1310 1784 1341 adulari
1811 1305 1986 1352 γιγνώσκων
2007 1308 2056 1340 ὅτι

298 1368 345 1401 δεῖ
364 1367 542 1413 ἀφικόμενον
559 1366 706 1406 Ἀθήναζε
728 1366 811 1404 δίκην
832 1366 933 1400 δοῦναι
958 1371 1008 1400 καὶ
1029 1371 1130 1409 λαβεῖν
1153 1369 1207 1399 οὐκ
1229 1370 1258 1399 ἐν
1280 1366 1382 1405 ἄλλοις
1405 1370 1479 1399 τισὶν
1502 1367 1565 1398 ἀλλ’
1594 1369 1623 1398 ἐν
1644 1371 1688 1408 τῷ
1712 1364 1814 1411 δήμῳ,
1845 1367 1883 1404 ὅς
1905 1369 1990 1398 ἐστι
2011 1364 2056 1402 δὴ

296 1426 409 1471 νόμος
427 1426 625 1467 Ἀθὴνησι,
647 1431 696 1460 καὶ
718 1428 910 1469 ἀντιβολῆσαι
933 1425 1136 1470 ἀναγκάζεται
1158 1430 1187 1459 ἐν
1205 1434 1267 1465 τοῖς
1289 1425 1486 1471 δικαστηρίοις
1508 1430 1557 1459 καὶ
1573 1424 1712 1464 εἰσιόντος
1727 1440 1781 1458 του
1797 1424 2053 1470 ἐπιλαμβάνεσθαι

294 1493 348 1526 τῆς
378 1485 483 1532 χειρὸς.
538 1499 619 1530 quae
652 1490 879 1519 clementorum
909 1489 1081 1519 intervallis
1110 1489 1315 1519 distinximus
1338 1488 1491 1519 vocabula
1514 1489 1545 1519 in
1569 1489 1665 1518 finem
1691 1489 1863 1519 sententiae
1885 1488 2051 1519 traicienda

294 1558 365 1580 esse
388 1548 540 1590 particula
561 1544 598 1579 δὴ
622 1548 770 1588 explicite
790 1550 912 1581 menet,
937 1557 999 1587 qua
1020 1557 1084 1578 non
1108 1547 1209 1587 legem
1232 1547 1356 1588 publice
1381 1548 1532 1578 sancitam
1553 1547 1608 1577 sed
1631 1546 1766 1577 abusum
1789 1556 1890 1587 pacm·
1916 1547 1944 1575 in
1974 1547 2048 1577 leci>

293 1609 431 1649 speciem
454 1608 669 1638 dominantem
698 1608 868 1648 perstringi
891 1607 1114 1638 manifestatur.
1164 1607 1308 1647 proxima
1337 1607 1547 1647 paragraphus
1570 1607 1745 1647 genuinam
1768 1607 1883 1636 veteris
1907 1606 2051 1636 Atthides

292 1667 435 1699 εὐπίνειαν
462 1668 555 1698 refert
587 1669 633 1698 sic
662 1669 775 1708 scripta
803 1666 987 1708 ἐμελέτησαν
1016 1662 1051 1696 δὲ
1079 1669 1107 1696 οἳ
1134 1666 1186 1708 μὲν
1207 1668 1310 1696 πλοῖον
1332 1667 1527 1708 κυβερνῶντες
1552 1668 1580 1695 οἳ
1598 1661 1633 1695 δὲ
1652 1660 1784 1695 ὁλκάδα·
1809 1667 1837 1694 οἳ
1857 1660 1891 1694 δὲ
1912 1665 2051 1694 ἐντεῦθεν

291 1728 338 1758 ἐπὶ
365 1723 492 1770 τριήρεσι
524 1726 727 1765 κατέστησαν,
758 1730 783 1756 οἱ
808 1722 864 1767 [δὲ]
894 1727 1002 1756 πολλοὶ
1032 1721 1161 1756 ἐλαύνειν
1189 1723 1277 1761 εὐθὺς
1300 1723 1362 1767 [ὡς]
1393 1723 1447 1756 οἷοί
1478 1736 1513 1755 τε
1539 1725 1683 1758 <εἰσὶν>
1712 1719 1860 1764 εἰσβάντες
1890 1724 1940 1764 [εἰς
1968 1724 2047 1765 ναῦς]

289 1787 343 1818 ἅτε
371 1788 400 1816 ἐν
431 1787 520 1816 παντὶ
547 1788 592 1825 τῷ
620 1786 672 1825 βίῳ
702 1781 1006 1828 προ(ι.ε(]ελετηκότες.
1061 1783 1101 1822 ὡς
1129 1787 1189 1816 iam
1217 1785 1429 1817 Leonclavius
1457 1785 1631 1818 deleverat:
1666 1784 1734 1814 εἰσίν
1764 1785 1876 1815 deesse
1911 1786 2055 1814 senserat

288 1846 558 1879 Waclismuthius,
582 1847 637 1886 qui
661 1846 745 1886 quod
768 1841 858 1881 εὐθύς
887 1848 956 1876 εἰσιν
979 1843 1032 1876 οἷοί
1054 1856 1088 1875 τε
1112 1845 1267 1876 scribebat
1290 1844 1385 1875 verba
1408 1845 1534 1875 soloece
1558 1843 1748 1875 conlocabat.
1795 1846 1870 1874 sunt
1890 1844 2053 1883 conpluria

288 1908 349 1939 alia
377 1916 458 1948 qnae
488 1907 522 1936 in
556 1906 612 1936 hoc
641 1905 747 1936 libello
772 1905 959 1936 emendasse
987 1905 1079 1936 nobis
1102 1906 1256 1942 videmur,
1279 1904 1334 1935 sed
1357 1905 1541 1944 seponimus
1559 1914 1612 1934 ea:
1643 1906 1760 1934 terrent
1781 1904 1916 1943 vestigia
1938 1913 2045 1934 eornm

291 1967 345 2007 qui
376 1968 446 2006 pest
466 1963 694 1995 Kirehhoffium
725 1963 795 1994 libri
828 1964 1045 2004 sospitatorem
1079 1964 1139 1994 huc
1163 1967 1372 1995 accesserunt.
1426 1964 1655 1994 emendationis
1680 1965 1927 1994 instrumentum
1951 1972 2047 2003 quae-

288 2026 424 2057 rendum
449 2029 506 2064 est⁷
530 2025 680 2065 quoniam
703 2032 759 2063 per
780 2023 898 2054 litteras
914 2023 1010 2054 Attici
1027 2024 1182 2053 sermonis
1197 2023 1338 2053 nondum
1358 2023 1509 2053 rhetorice
1524 2023 1619 2053 fucati
1636 2022 1768 2053 alterum
1786 2032 1849 2052 nen
1866 2023 2046 2062 acecpimus

290 2085 526 2123 documentum,
549 2093 589 2114 ex
612 2082 778 2122 lapidibus.
826 2083 880 2122 qui
904 2082 1039 2113 describi
1061 2083 1161 2123 coepti
1185 2086 1259 2113 sunt
1283 2083 1343 2113 iam
1369 2093 1400 2113 111
1424 2085 1455 2113 et
1475 2093 1496 2112 11
1520 2093 1545 2113 a.
1571 2082 1639 2112 Chr.
1665 2082 1807 2120 saeculo,
1836 2084 1929 2122 atque
1953 2090 2049 2121 quae-

289 2154 425 2184 cumque
455 2153 496 2174 cx
525 2144 595 2174 eius
622 2143 732 2173 aetatis
760 2142 971 2172 conlectaneis
1000 2145 1170 2182 supersunt
1190 2142 1364 2183 fragmenta
1387 2145 1422 2172 ut
1445 2142 1586 2172 conlecta
1611 2141 1715 2172 denuo
1739 2143 1770 2172 et
1792 2141 1955 2171 emendata
1978 2150 2048 2180 pro-

290 2206 448 2243 ponantur
475 2202 649 2243 optandum
673 2204 728 2232 est.
781 2202 886 2242 legum
917 2211 1074 2232 sacrarum
1103 2202 1275 2242 fragmenta
1303 2211 1367 2232 uno
1392 2202 1520 2232 nomine
1544 2210 1601 2232 nos
1625 2210 1741 2242 augere
1767 2210 1862 2241 posse
1885 2201 2045 2230 laetamur.

291 2262 386 2303 vulgo
420 2263 499 2292 inter
528 2262 692 2292 historicos
718 2261 823 2292 ferunt
846 2260 1070 2292 Themisonem
1095 2260 1265 2292 Pallenidis
1294 2262 1487 2302 scriptorem.
1533 2261 1693 2291 hominem
1714 2262 1858 2301 ignotum
1882 2269 1951 2290 esse
1974 2269 2048 2289 eon-

294 2321 444 2359 sentiunt,
466 2320 504 2350 de
526 2320 597 2350 libri
620 2321 824 2361 inscriptione
848 2320 973 2350 diversa
994 2321 1284 2352 comminiscuntur.
1332 2330 1413 2362 quae
1437 2322 1536 2352 missa
1562 2321 1695 2351 facimus
1717 2321 1791 2360 quia
1812 2321 1878 2360 ipse
1901 2318 2048 2349 Themiso

294 2380 408 2411 librarii
431 2389 534 2411 errore
550 2382 722 2420 prognatus
738 2386 794 2412 est.
819 2378 955 2410 l'allenis
971 2389 1044 2410 vero
1060 2379 1135 2409 nihil
1152 2379 1235 2410 aliud
1251 2379 1407 2420 signifieat
1423 2379 1485 2409 nisi
1501 2381 1609 2409 notam
1624 2381 1724 2409 terrac
1740 2379 1861 2409 Atticae
1876 2378 2047 2418 regionem.

293 2440 476 2470 Athenaeus
505 2440 591 2470 enim
624 2440 736 2469 V1235
766 2440 933 2478 scripserat
964 2434 1132 2479 Κλείδημος
1160 2435 1187 2468 δ’
1215 2438 1244 2468 ἐν
1272 2441 1310 2478 τ-ῖ,
1330 2434 1447 2468 Ἀτθίδι
1474 2438 1544 2480 φησί
1568 2435 1641 2467 ”καὶ
1668 2433 1824 2480 παράσιτοι
1848 2433 1874 2466 δ’
1898 2434 2048 2478 ᾑρέθησαν

292 2500 336 2538 τῷ
357 2495 527 2540 Ἠρακλεῖ.”
566 2499 615 2528 καὶ
637 2497 796 2539 θέσμιον
819 2493 847 2527 δ’
869 2498 898 2527 ἐν
925 2494 1091 2531 Παλληνίδι
1108 2495 1338 2539 ’Ἐπιμελεῖσθαι
1360 2493 1395 2527 δὲ
1416 2494 1469 2527 τὸν
1492 2497 1618 2536 βασιλέα
1640 2494 1693 2527 τὸν
1715 2495 1760 2527 ἀεὶ
1783 2491 1976 2535 βασιλεύοντα
1998 2495 2048 2525 καὶ

293 2553 362 2592 τοὺς
389 2556 567 2599 παρασίτους
598 2555 646 2593 οὓς
671 2555 706 2586 ἂν
735 2557 769 2586 ἐκ
797 2558 859 2586 τῶν
886 2551 990 2598 δήμων
1010 2559 1226 2599 προσαιρῶνται
1247 2560 1369 2599 (προαιρ.
1392 2557 1503 2595 codex)
1527 2557 1576 2586 καὶ
1598 2553 1667 2592 τοὺς
1688 2556 1827 2598 γέροντας
1849 2555 1898 2584 καὶ
1920 2551 1975 2590 τὰς
1994 2566 2046 2596 γυ-

294 2622 395 2652 ναῖκας
426 2614 480 2652 τὰς
508 2611 736 2658 πρωτοπόσεις.”
792 2616 889 2646 alium
919 2626 958 2647 cx
991 2615 1161 2647 Pallenidis
1188 2618 1401 2648 monumentis
1431 2616 1558 2647 titulum
1589 2616 1694 2656 paullo
1721 2619 1791 2646 ante
1814 2625 1855 2645 ex
1876 2613 2046 2645 Polemone

1823 2670 1838 2695 2
