2262 2996
554 316 1168 386 VNIVERSITATIS
1227 315 1752 381 LITTERARIAE

747 434 1568 503 GRYPHISWALDENSIS

493 651 865 707 CAROLVS
930 650 1034 704 ΡΒ.
1092 651 1173 704 W.
1231 651 1291 703 Η.
1356 650 1808 703 ΗΑΕΒΕΒΗΝ

805 850 1100 907 CONCILIO
1137 850 1502 906 AGADEMIOO

908 1052 1086 1084 CIVIBVS
1109 1051 1400 1084 AOADEMIels.

446 1214 534 1271 Cum
557 1240 595 1271 ad
619 1241 772 1272 sollemne
794 1251 913 1272 munus
936 1241 1130 1281 accingimur
1152 1243 1186 1272 ut
1203 1241 1408 1281 grannnatico
1424 1239 1680 1271 commentariolo
1696 1239 1867 1270 lectionum
1884 1239 2029 1280 proxima

278 1300 381 1330 hieme
410 1300 624 1331 habendarum
653 1301 790 1331 indicem
821 1310 984 1340 ornemus,
1012 1301 1137 1341 inpium
1166 1300 1244 1331 foret
1272 1301 1334 1330 nisi
1362 1302 1482 1330 maesto
1513 1300 1609 1330 simul
1636 1299 1794 1340 simulque
1814 1300 1900 1339 grato
1922 1299 2028 1330 animo

278 1360 428 1399 praeclari
453 1360 603 1400 conlegae
624 1360 860 1391 recordaremur
879 1370 980 1401 nuper
1002 1360 1093 1391 nobis
1117 1361 1216 1400 erepti
1239 1361 1292 1400 qui
1313 1360 1548 1400 grammaticam
1571 1368 1626 1399 per
1648 1359 1720 1399 plus
1743 1358 1907 1390 duodecim
1931 1358 2030 1390 lustra

278 1420 309 1449 in
336 1420 541 1450 universitate
562 1422 668 1450 nostra
690 1420 849 1460 professus
873 1420 1065 1461 singularem
1086 1420 1178 1460 plane
1202 1422 1233 1450 ct
1254 1419 1464 1450 eruditionem
1488 1421 1518 1450 ct
1540 1419 1754 1459 eloquentiam
1769 1419 1803 1450 in
1817 1419 1903 1450 hisce
1918 1428 2029 1459 prooe-

276 1478 351 1508 miis
374 1478 548 1508 scribendis
573 1480 735 1518 praestitit.
782 1489 818 1509 ac
838 1480 994 1509 maestitia
1017 1479 1144 1518 quidem
1167 1479 1257 1509 facile
1279 1480 1479 1518 temperatur,
1503 1478 1652 1517 quoniam
1677 1479 1901 1518 gravissimum
1924 1479 2028 1509 virum

276 1538 328 1568 cui
349 1547 408 1568 nec
431 1540 554 1578 turpem
576 1537 692 1568 lateus
715 1538 885 1568 donaverat
907 1539 1067 1568 senectam
1090 1546 1149 1567 nec
1173 1537 1289 1568 cithara
1311 1539 1469 1567 carentem
1490 1539 1619 1567 vocatus
1641 1536 1773 1567 deduxit
1792 1535 1965 1567 Mercurius
1989 1535 2029 1566 ad

275 1595 381 1638 λιμένα
407 1595 507 1634 ἀνιῶν,
539 1599 573 1627 ut
595 1599 686 1638 poeta
710 1597 847 1637 loquitur
872 1597 1034 1627 familiaris
1060 1596 1187 1627 Gnonou
1213 1595 1371 1626 annmci
1394 1595 1597 1626 SCHOEMANNI.
1650 1598 1737 1637 grata
1759 1605 1834 1627 vero
1855 1595 2028 1626 recordatio

278 1666 318 1686 ne
342 1666 494 1697 umquam
524 1656 717 1687 oblitteretur
739 1666 803 1687 non
825 1666 987 1687 veremur:
1016 1657 1131 1697 pietate
1155 1656 1241 1686 enim
1265 1666 1327 1696 qua
1349 1657 1435 1687 viros
1457 1656 1495 1687 dc
1519 1665 1553 1686 se
1576 1655 1657 1686 benc
1680 1657 1807 1687 meritos
1827 1655 2030 1696 prosequitur

277 1717 478 1757 grammatica
503 1719 622 1748 ceteras
646 1719 727 1747 aites
754 1717 848 1758 longe
871 1719 996 1757 superat
1018 1726 1136 1747 omnes.
1183 1716 1237 1747 sed
1261 1726 1365 1757 neque
1387 1716 1418 1747 id
1441 1715 1626 1747 volebamus
1649 1717 1791 1747 omittere
1814 1717 1891 1757 quin
1912 1715 2027 1746 vestris

279 1776 403 1816 studiis,
426 1776 656 1807 commilitones
683 1776 890 1816 dilectissimi,
915 1776 1019 1807 denuo
1043 1776 1335 1808 commendaremus
1352 1775 1563 1806 Schoemanni
1586 1776 1746 1816 prooemia
1770 1785 1850 1816 quac
1874 1774 2029 1816 quidquid

275 1837 329 1867 1110
353 1837 476 1877 scripsit
498 1836 638 1867 doctrina
658 1838 803 1877 aequant,
827 1837 981 1867 suavitate
1003 1838 1163 1876 superant,
1185 1839 1216 1866 et
1236 1838 1359 1876 gratum
1382 1835 1494 1866 accidit
1516 1837 1550 1866 ut
1565 1835 1758 1867 versiculum
1779 1835 1854 1866 elim
1876 1845 1893 1866 a
1915 1834 2028 1866 Schoe-

277 1906 394 1927 manno
417 1896 583 1926 verissime
606 1896 807 1927 emendatum
828 1907 846 1927 a
865 1895 1113 1927 dubitationibus
1136 1895 1302 1927 defendere
1323 1905 1501 1937 possemus,
1525 1895 1641 1936 quibus
1663 1905 1703 1926 ne
1725 1896 1794 1936 ipse
1818 1895 1946 1936 quidem
1968 1895 2028 1925 for-

277 1957 347 1987 titer
367 1956 531 1987 restiterat.

442 2016 632 2056 Apollonius
655 2015 798 2046 Archibii
824 2015 842 2045 f.
867 2024 891 2045 s.
916 2025 945 2045 v.
971 2010 1113 2045 κνώδαλα
1143 2014 1358 2046 nobilissimos
1390 2015 1446 2045 hos
1476 2014 1573 2045 adfert
1594 2014 1753 2046 Anemms
1777 2024 1888 2046 versus
1913 2016 1967 2056 qui
1992 2016 2027 2046 in

276 2077 371 2108 unico
397 2076 503 2107 codice
525 2076 719 2107 Coisliniane
749 2076 792 2106 ita
822 2076 929 2115 scripti
954 2077 1029 2106 sunt
1056 2070 1188 2105 εὕδουσιν
1209 2070 1234 2104 δ’
1263 2073 1354 2116 ὀρέων
1375 2074 1500 2116 κορυφαί
1521 2085 1555 2104 τε
1576 2075 1626 2104 καὶ
1648 2070 1802 2116 φάλαγγες
1823 2074 1972 2117 πρωτονές
1992 2086 2027 2105 τε

277 2136 327 2166 καὶ
353 2131 507 2178 χαράδραι,
540 2131 620 2177 φῦλά
646 2146 681 2166 τε
711 2131 819 2177 ἑρπετά
848 2134 876 2165 θ’
904 2133 960 2165 ὅσα
986 2134 1087 2176 τρέφει
1115 2134 1238 2175 μέλαινα
1267 2139 1338 2176 γαῖα
1370 2134 1460 2176 θῆρές
1484 2133 1509 2164 τ’
1536 2134 1678 2177 ὀρεσκῷοι
1708 2135 1758 2165 καὶ
1780 2134 1849 2177 γένη
1880 2136 2028 2176 μελισσῶν

278 2196 328 2226 καὶ
351 2190 494 2225 κνώδαλα
516 2195 546 2226 ἐν
568 2194 687 2234 βένθεσι
708 2197 855 2237 πορφυρῆς
885 2190 971 2230 ἁλός·
1003 2190 1136 2224 εὕδουσιν
1161 2189 1186 2224 δ’
1216 2196 1326 2224 οἰωνῶν
1354 2196 1434 2236 φῦλα.
1463 2190 1699 2237 τανυπτερύγων.
1750 2195 1938 2227 Laconicam
1963 2195 2028 2226 dia-

277 2255 393 2288 lectum
419 2255 457 2287 ab
481 2255 634 2286 Alcmane
656 2265 757 2296 paene
783 2265 893 2296 puram
923 2256 1050 2294 servari,
1094 2256 1137 2285 ita.
1159 2257 1194 2286 ut
1216 2256 1249 2286 in
1272 2255 1393 2286 melicis
1417 2255 1558 2286 numeris
1582 2255 1735 2286 nonnulla
1757 2256 1927 2287 admisceat
1952 2255 2029 2286 Les-

277 2315 375 2356 biaca,
399 2325 499 2357 pauca
521 2316 610 2355 epica
631 2315 662 2346 in
688 2315 889 2355 hexametris,
912 2315 1003 2346 hodie
1026 2315 1200 2346 certissime
1223 2315 1295 2346 licet
1317 2314 1489 2346 adfirmare.
1534 2315 1590 2346 scd
1613 2315 1755 2347 subsidia
1776 2316 1891 2357 quibus
1909 2316 2028 2346 sensim

278 2375 316 2406 ad
345 2375 425 2406 hanc
456 2375 619 2406 scientiam
649 2376 806 2416 progressi
829 2384 940 2406 sumus
963 2385 1063 2416 nuper
1084 2375 1212 2406 demum
1234 2377 1399 2416 conparata
1422 2377 1497 2406 sunt
1519 2378 1550 2406 ct
1568 2376 1602 2406 111
1625 2376 1683 2407 1100
1706 2376 1834 2416 quidem
1854 2376 2028 2416 fragmento

278 2435 400 2475 pristini
422 2435 534 2466 coloris
557 2435 614 2465 vix
637 2435 806 2476 vestigium
828 2435 971 2466 relictimi
988 2438 1043 2467 est.
1089 2438 1192 2466 tamen
1209 2433 1418 2466 Schoemanni
1434 2436 1649 2475 incorruptum
1666 2436 1820 2467 iudicium
1836 2445 1898 2466 non
1915 2435 2030 2466 latebat

278 2496 309 2525 et
330 2494 463 2526 litteram
476 2505 539 2526 vau
558 2496 591 2526 in
609 2505 672 2536 qua
691 2495 757 2526 sola
773 2505 851 2526 voce
865 2496 1035 2536 requiritur
1048 2497 1171 2526 tantum
1186 2505 1250 2526 non
1266 2505 1437 2536 conparere
1454 2495 1652 2526 manifestam
1668 2498 1698 2526 et
1713 2494 1741 2526 θ’
1762 2494 1838 2526 ὅσσα
1853 2498 2028 2536 corruptam

278 2563 349 2585 esse
378 2563 419 2585 ex
441 2549 546 2585 τόσσα.
589 2565 648 2586 1108
677 2555 825 2586 mendam
847 2556 962 2586 inferre
984 2555 1119 2586 dicimus
1143 2556 1337 2596 quicumque
1360 2555 1449 2587 aliter
1472 2554 1630 2587 scribunt:
1663 2566 1738 2587 nam
1763 2560 1792 2586 et
1815 2555 1852 2587 ab
1874 2556 2028 2587 Alcmane

278 2623 454 2654 numquam
483 2615 661 2655 neglectum
695 2624 766 2646 esse
794 2625 812 2645 r
836 2616 868 2646 in
894 2615 1117 2646 vocabulorum
1143 2616 1308 2656 principiis
1332 2618 1362 2645 ct
1383 2617 1570 2656 pronomina
1593 2616 1721 2647 relativa
1743 2616 1827 2656 apud
1848 2615 1989 2647 Laconas
2011 2627 2029 2647 a
