2262 2996
1231 0 1247 185 1

1065 191 1315 229 —11*-..

310 303 386 334 hinc
414 302 547 334 debebat
568 302 681 333 elicere
709 300 748 331 A.
778 299 972 330 Schaeferus.
1017 302 1047 330 at
1076 299 1299 341 Aristogitonis
1329 298 1485 330 orationes
1515 297 1636 338 aliquot
1665 299 1736 339 post
1764 297 1923 329 Christum
1955 302 2063 330 natum

310 360 512 403 legebantur,
539 359 684 392 eiusdem
711 358 821 399 procul
850 357 946 389 dubio
975 357 1094 388 farinae
1125 360 1218 399 atque
1239 357 1390 389 Demadis
1417 357 1547 388 inutiles
1577 357 1832 388 declamationes,
1883 360 1946 388 tam
1977 368 2064 390 serae

311 421 422 452 aetatis
449 420 626 451 commenta
653 418 799 449 interisse
827 427 891 448 non
922 417 1078 458 lugemus.
1135 418 1241 447 contra
1273 426 1315 447 ex
1343 417 1389 447 eis
1417 415 1505 447 libris
1537 417 1591 456 qui
1627 416 1782 448 clarorum
1815 417 1932 448 saeculi
1965 419 2063 458 quarti

313 480 498 521 scriptorum
526 477 655 509 nomina
683 477 806 508 mentiti
835 476 898 507 iam
929 475 1034 507 medio
1070 476 1195 507 saeculo
1224 477 1314 507 tertio
1341 476 1375 507 in
1403 475 1607 507 bibliothecas
1634 477 1752 517 recepti
1788 478 1862 507 sunt
1895 476 2064 517 aliquando

312 548 422 581 prosae
449 538 586 569 Graecae
615 537 718 578 qualis
746 536 968 568 diadochorum
1000 536 1272 577 epigonorumque
1306 535 1498 576 temporibus
1533 535 1726 567 scribebatur
1758 536 1886 566 historia
1918 546 2063 577 magnam

312 601 431 640 partem
453 596 701 634 concinnabitur‚
725 596 875 636 quoniam
898 596 967 626 eius
990 596 1098 626 aetatis
1122 595 1210 635 plura
1231 595 1373 626 ementiti
1395 595 1533 626 nominis
1550 595 1697 636 splendor
1713 606 1808 636 quam
1823 596 1949 636 propria
1964 597 2064 626 virtus

313 657 519 688 conservavit.
564 666 628 699 non
649 654 763 686 sufficit
785 655 923 696 profecto
947 654 1030 695 quod
1053 657 1175 689 constat
1202 654 1311 686 Ionem
1335 654 1549 685 Menexenum
1576 654 1726 695 Hippiam
1752 665 1815 686 11011
1839 657 1971 696 scriptos
1994 665 2064 686 esse

313 727 332 748 a
346 715 486 755 Platone,
501 725 560 746 nec
576 716 732 746 orationes
748 714 941 755 Philippicas
956 714 1001 744 IV
1018 714 1058 754 V,
1080 715 1112 744 in
1128 713 1374 755 Aristogitonem
1390 716 1566 754 utramque,
1589 714 1741 745 adversus
1759 715 1926 755 Aphobum
1942 716 2062 746 tertiam

313 786 331 807 a
345 775 568 814 Demosthene,
591 775 646 805 sed
667 775 780 815 scripta
802 775 877 805 haec
899 784 969 804 esse
987 775 1020 804 ut
1035 772 1196 804 Platonica
1211 773 1520 813 Demosthenicaque
1536 773 1728 813 viderentur.
1749 775 1880 814 perinde
1897 785 1933 806 ac
1947 775 2064 816 pleras-

313 844 374 875 que
399 834 553 865 nobilium
577 834 741 864 hominum
764 834 917 874 epistulas
947 852 986 855 ——
1016 835 1111 863 restat
1133 833 1227 864 altera
1253 833 1449 873 quaestionis
1472 843 1552 873 pars.
1598 833 1652 864 ubi
1674 833 1733 864 fuit
1756 834 1900 865 fraudum
1923 834 2064 865 fabrica?

314 894 440 935 quando
463 904 526 936 quo
549 895 680 925 consilio
704 904 766 935 qua
788 896 853 924 arte
876 894 954 924 haec
975 893 1047 923 ficta
1072 896 1169 923 sunt?
1193 902 1286 923 nemo
1308 896 1357 923 est
1377 894 1429 933 qui
1454 893 1496 923 ita
1512 893 1719 936 interrogatus
1736 895 1837 933 pessit
1858 894 2064 934 respondere3

311 954 404 994 pauci
427 952 665 995 interrogarunt.
711 963 750 984 en
772 963 843 983 area
866 953 1018 983 latissima
1043 952 1155 983 studiis
1179 953 1292 984 vestris
1315 958 1431 993 aperta,
1455 953 1694 983 commilitones.

478 1013 564 1044 Inter
585 1013 681 1044 libros
705 1012 915 1043 Schoemanni
938 1012 1028 1042 hodie
1052 1012 1159 1042 nullus
1181 1013 1311 1043 fortasse
1332 1013 1432 1042 rarius
1453 1012 1567 1052 legitur
1590 1022 1683 1052 quam
1701 1013 1811 1053 Agidis
1835 1018 1865 1043 et
1887 1013 2064 1045 Cleomenis

311 1072 568 1104 Plutareheornm
588 1073 683 1103 editio
706 1073 738 1102 in
758 1082 821 1112 qua
843 1072 937 1102 etiam
960 1073 991 1102 in
1015 1072 1116 1102 fontes
1138 1073 1272 1102 vitarum
1296 1072 1443 1102 adcurate
1466 1072 1641 1112 inquisivit.
1688 1081 1746 1102 nec
1769 1074 1872 1103 tamen
1898 1075 1951 1103 aut
1973 1074 2064 1104 novis

313 1131 463 1163 subsidiis
491 1133 622 1173 repertis
651 1135 705 1162 aut
733 1131 896 1162 subtiliore
925 1141 1029 1161 rerum
1057 1132 1237 1171 cognitione
1263 1133 1368 1171 parata
1399 1131 1520 1161 inutilis
1545 1132 1570 1161 is
1594 1131 1672 1162 liber
1694 1131 1833 1162 redditus
1857 1134 1917 1162 cst:
1949 1134 2066 1164 mutata

312 1201 389 1222 sane
409 1194 457 1222 est
478 1190 636 1222 Plutarchi
657 1191 808 1222 tractandi
828 1192 916 1229 ratio,
941 1191 995 1221 sed
1018 1192 1059 1221 ita
1085 1194 1117 1221 111
1134 1191 1278 1231 quemvis
1297 1190 1436 1221 sobrium
1452 1191 1567 1231 pigeat.
1591 1191 1708 1221 nedum
1725 1190 1989 1231 Schoemamium,
2011 1193 2065 1233 qui

313 1260 407 1292 quam
431 1251 613 1284 cautissime
635 1250 780 1281 incedere
809 1250 935 1280 solebat.
983 1250 1036 1280 sed
1060 1251 1134 1280 satis
1158 1251 1279 1280 cavisse
1304 1249 1395 1280 nobis
1419 1250 1564 1280 videmur
1587 1260 1625 1280 ne
1649 1260 1722 1284 vos.
1749 1251 1989 1291 commilitones,
2015 1251 2064 1283 his

312 1311 511 1350 potissimum
529 1310 686 1341 erroribus
701 1310 910 1350 abripiamini.
958 1311 1063 1350 itaque
1084 1309 1355 1340 exhortationibus
1378 1310 1553 1349 parcimus:
1578 1320 1595 1340 c
1616 1319 1649 1340 re
1672 1313 1777 1340 tamen
1800 1311 1860 1340 erit
1881 1310 2063 1350 diligentius

312 1371 460 1410 persequi
476 1369 559 1410 quod
575 1371 609 1400 in
620 1369 757 1400 Hermae
770 1370 888 1400 volviu
906 1370 1002 1410 11439
1016 1374 1099 1399 recte
1116 1369 1244 1409 quidem
1261 1369 1316 1399 sed
1331 1369 1437 1409 paullo
1454 1369 1618 1399 obscurius
1635 1369 1751 1399 dictum
1771 1373 1828 1409 est,
1843 1369 2066 1403 Eimnxosnu:

313 1427 501 1467 Plutarchei,
525 1438 616 1469 quam
640 1430 737 1460 vitam
760 1430 793 1459 in
816 1430 927 1469 primis
952 1429 1137 1459 dolebamus
1157 1438 1227 1459 6886
1248 1429 1462 1469 interceptam,
1486 1429 1569 1459 haud
1593 1432 1688 1459 tenue
1712 1429 1933 1476 compendium
1958 1432 2064 1463 extare

311 1487 393 1527 apud
416 1487 617 1519 Pausaniam.
663 1489 716 1529 qui
742 1498 792 1518 res
814 1488 1052 1527 Epaminondae
1075 1489 1150 1518 satis
1174 1488 1318 1518 adcurate
1342 1490 1543 1528 (quamquam
1568 1489 1704 1527 ineptias
1728 1487 1903 1528 numquam
1928 1499 1988 1520 non
2014 1487 2066 1520 nd-

313 1547 424 1576 miseet
454 1549 485 1576 et
509 1546 663 1577 Hadriani
692 1547 812 1577 cultum
836 1547 885 1577 hie
908 1556 1035 1587 quoque
1058 1556 1132 1586 prae
1157 1556 1190 1576 se
1211 1547 1280 1584 fert)
1307 1547 1444 1577 narravit
1465 1548 1498 1577 in
1523 1546 1677 1577 Boeotieis
1704 1548 1825 1577 13—15
1853 1552 1884 1577 ct
1915 1548 1947 1578 in
1972 1551 2067 1579 Arca·

313 1605 392 1636 dicis
417 1606 465 1645 11,
485 1607 567 1636 4—53
595 1604 644 1645 (de
674 1606 867 1646 paragrapho
892 1606 1013 1637 decima
1036 1606 1169 1636 dubitari
1194 1608 1317 1646 potest).
1368 1616 1448 1646 quae
1471 1616 1511 1636 ex
1533 1616 1597 1636 uno
1619 1606 1687 1636 loco
1709 1607 1902 1638 coniunctim
1925 1607 2068 1647 deprom-

313 1666 412 1705 pserit
437 1665 591 1707 discerpta
614 1666 748 1696 diversis
774 1665 850 1696 locis
871 1675 1044 1706 proponere
1067 1665 1177 1695 callido
1201 1665 1388 1695 eruditionis
1411 1665 1585 1696 simulatori
1609 1666 1642 1695 in
1664 1665 1784 1696 deliciis
1808 1669 1863 1696 est.
1915 1667 1968 1697 ubi
1993 1677 2066 1698 vere

314 1725 389 1756 haec
419 1726 624 1756 coniunxeris
646 1727 743 1756 vitam
770 1725 867 1756 habes
889 1724 1126 1766 Epaminondae
1150 1724 1332 1755 absoluta-m.
1381 1734 1475 1764 quam
1499 1735 1563 1755 11011
1586 1734 1626 1755 ex
1649 1725 1793 1765 pluribus
1816 1726 1971 1756 historicis
1994 1737 2067 1758 cen-

314 1786 415 1815 sutam
439 1794 509 1815 esse
533 1785 588 1815 sed
609 1784 647 1816 ab
672 1794 736 1815 uno
752 1784 991 1825 Epaminondae
1013 1784 1184 1825 biographo
1206 1784 1424 1824 transcriptam
1449 1785 1578 1815 omnino
1597 1784 1758 1825 probabile
1777 1788 1826 1815 est
1850 1785 2067 1826 1111)111181111111,

313 1844 369 1883 qui
390 1843 585 1874 Herodotum
609 1844 736 1885 quidem
759 1847 789 1875 ct
812 1843 1026 1883 Thucydidem
1051 1845 1176 1884 penitus
1199 1843 1362 1876 inbiberat.
1396 1844 1449 1874 sed
1473 1854 1512 1875 ex
1535 1845 1646 1875 ceteris
1669 1845 1823 1875 historicis
1845 1845 1974 1876 fortasse
1998 1847 2067 1877 nul-

313 1902 379 1934 lum
401 1903 489 1944 legit:
513 1906 595 1934 certe
618 1913 682 1934 non
706 1904 794 1934 novit
815 1903 988 1934 Isocrateos
1013 1906 1067 1934 aut
1090 1903 1256 1934 Philistum
1279 1907 1332 1934 aut
1354 1903 1547 1934 Hecataeum
1570 1907 1623 1934 aut
1643 1903 1875 1943 Hieronymum
1900 1909 1952 1935 aut
1973 1905 2067 1944 Poly-

314 1961 401 1992 bium
434 1964 488 1993 aut
515 1961 736 2001 Posidoniun13
766 1963 804 1993 de
827 1962 954 1993 Timaeo
982 1972 1032 1993 res
1063 1963 1203 1993 nondum
1232 1965 1323 1993 certa.
1369 1964 1429 1993 iam
1452 1973 1526 1994 vero
1550 1964 1639 2004 plura
1662 1965 1788 1994 scimus.
1834 1965 1950 1994 eximia
1973 1964 2065 1996 laude

315 2022 432 2062 dignus
460 2025 507 2052 est
528 2022 686 2053 Nissenus
717 2023 771 2063 qui
798 2021 1076 2063 Philopoemenem
1111 2021 1327 2052 Plutarcheum
1359 2032 1376 2052 a
1401 2021 1561 2053 Pausania
1589 2026 1773 2063 excerptum
1803 2033 1874 2054 esse
1902 2024 2008 2054 subtili
2036 2027 2066 2054 et

315 2083 401 2112 acuta
433 2082 652 2122 disquisitione
681 2082 915 2113 demonstravit.
972 2085 1078 2122 itaque
1107 2091 1262 2112 summam
1293 2081 1517 2122 probabilitatis
1541 2083 1678 2122 speciem
1701 2083 1881 2114 coniectura
1901 2083 2008 2114 cadem
2032 2085 2066 2114 111

311 2141 532 2182 Epaminonda
556 2150 612 2182 per
633 2151 666 2172 se-
688 2141 789 2173 habet.
840 2142 894 2172 sed
918 2142 1070 2172 accedunt
1093 2146 1277 2182 argumenta
1301 2141 1413 2172 idonea
1436 2143 1493 2172 tria
1517 2142 1633 2183 quibus
1657 2143 1707 2173 vel
1731 2143 1839 2174 invitis
1863 2146 2068 2184 extorquetur

316 2199 480 2230 adsensus.
528 2199 670 2231 laudatur
690 2199 926 2241 Epaminondas
949 2211 968 2231 a
986 2199 1144 2231 Pausania
1167 2204 1327 2241 tamquam
1348 2211 1493 2232 summus
1516 2202 1703 2233 Graecorum
1728 2203 1804 2242 dux,
1826 2199 2067 2244 Λακεδαιμονίων

316 2258 369 2300 μὲν
390 2257 446 2302 γὰρ
469 2260 518 2290 καὶ
537 2258 701 2292 Ἀθηναίων
723 2265 785 2296 τοῖς
804 2255 931 2302 ἡγεμόσι
953 2255 1071 2290 πόλεων
1093 2271 1128 2290 τε
1151 2256 1269 2302 ἀξίωμα
1290 2257 1418 2303 ὑπῆρχεν
1441 2261 1475 2290 ἐκ
1496 2262 1625 2292 παλαιοῦ
1648 2263 1698 2292 καὶ
1722 2265 1747 2292 οἱ
1764 2265 1946 2304 στρατιῶται
1962 2258 2066 2305 φροντί-

316 2330 411 2360 ματος
431 2316 467 2349 τὸ
489 2321 551 2349 ἴσον
573 2321 704 2361 ἔχοντες·
729 2319 876 2359 Θηβαίους
898 2315 933 2348 δὲ
952 2315 1199 2360 Ἐπαμεινώνδας
1219 2315 1356 2362 ἀθύμους
1376 2317 1432 2357 τὰς
1451 2316 1573 2363 γνώμας
1594 2322 1644 2351 καὶ
1665 2319 1766 2351 ἄλλων
1789 2318 1904 2353 ἀκούειν
1919 2318 2067 2358 samecha

315 2377 462 2420 ἀπέφηνεν
482 2379 512 2408 ἐν
534 2377 567 2409 οὐ
587 2380 693 2419 πολλῷ
715 2374 930 2422 πρωτεύοντας.
975 2379 1025 2410 1116
1047 2381 1192 2420 quisquis
1208 2378 1409 2411 Plutarchum
1432 2380 1512 2412 bene
1535 2381 1623 2412 novit
1637 2381 1748 2412 Boeoti
1771 2383 1928 2423 scriptoris
1950 2383 2066 2422 patriae

314 2439 523 2469 amantissimi
558 2441 679 2469 tantum
715 2448 777 2469 non
811 2440 880 2479 ipsa
911 2439 1007 2470 verba
1037 2439 1150 2470 audiet.
1202 2440 1321 2471 aceedit
1349 2441 1487 2480 gravius.
1539 2440 1792 2481 Epaminondam
1826 2444 1856 2472 et
1886 2442 2066 2482 Scipionem

314 2497 499 2529 Africanum
529 2499 683 2529 minorem
712 2508 776 2529 uno
803 2508 904 2539 eoque
934 2499 1036 2538 primo
1059 2499 1195 2529 vitarum
1216 2499 1435 2540 parallelarum
1458 2499 1537 2531 libro
1559 2501 1792 2541 conprehensos
1815 2501 1913 2532 fuisse
1937 2501 2066 2532 demon-

315 2557 424 2588 stravit
446 2558 492 2588 vir
515 2559 640 2598 egregie
663 2558 701 2589 de
724 2557 890 2589 Plutarcho
913 2559 1044 2589 meritus
1067 2557 1356 2590 C.T11.Michae1is.
1402 2560 1514 2590 seriem
1538 2562 1643 2591 autem
1663 2561 1800 2591 vitarum
1816 2560 1853 2591 ab
1870 2561 1915 2590 eis
1932 2570 2066 2591 exorsus

315 2619 364 2647 est
385 2615 570 2648 Plutarchus
600 2621 635 2649 ut
665 2627 825 2649 summum
851 2617 1041 2648 Graecorum
1070 2628 1143 2650 cum
1173 2628 1297 2650 summo
1320 2618 1534 2651 Romanorum
1568 2620 1633 2650 viro
1662 2621 1869 2660 componeret.
1924 2629 1963 2650 ne
1995 2621 2066 2660 quis
