2262 2996
977 184 1206 220 ..-4„.

212 300 352 322 consona
375 289 515 331 incipere
538 291 672 331 possunt
693 289 801 320 videre
826 289 942 331 quibus
966 290 1049 321 oculi
1073 291 1180 333 sunt}
1195 302 1255 323 nec
1277 292 1339 323 alia
1361 293 1469 324 minus
1491 293 1662 325 luculenta.
1699 295 1810 326 tertiae
1832 295 1967 327 declina-

211 351 306 381 tionis
337 350 462 381 dativus
491 349 628 390 βένθεσσι
656 349 776 390 duplex.
805 350 925 391 flagitat
954 351 1072 392 sigma:
1106 352 1259 392 μελισσᾶν,
1288 350 1388 395 ὡρέων
1415 354 1610 392 necessaria3
1647 349 1781 384 εὕδουσιν
1807 356 1967 395 immane;

212 409 396 451 ambiguum
426 410 557 441 fortasse
584 412 692 440 utrum
717 410 885 441 Aeolicum
914 405 1033 448 εὔδοισι,
1060 410 1144 451 quod
1164 411 1391 452 posterioribus
1413 413 1522 452 lyricis
1543 414 1671 455 placuit,
1699 423 1739 444 an
1762 415 1968 446 vernaculum

213 467 329 500 εὕδοντι
358 469 547 511 praetulerit.
601 469 655 500 sod
678 471 876 511 peregrinam
898 470 1030 501 formam
1054 469 1224 502 admissam
1247 481 1319 502 esse
1341 470 1398 503 ubi
1419 472 1457 503 ad
1480 483 1630 504 numeros
1653 483 1718 504 non
1743 475 1809 505 erat
1831 483 1969 505 eommo-

212 533 279 564 dior
300 543 410 573 parum
433 532 481 560 cst
503 530 676 561 verisimile
699 532 804 571 (atquc
826 530 894 561 fieri
915 532 1020 570 potest
1040 532 1076 561 ut
1090 528 1245 562 Pindarus
1268 532 1336 572 ipse
1360 531 1398 562 ad
1419 531 1501 563 hanc
1522 534 1677 564 amussim
1700 533 1878 574 exigendus
1901 535 1967 574 sit);

211 593 406 623 restituimus
429 592 524 632 igitur
546 593 576 622 ct
599 591 649 621 hic
672 593 703 621 et
724 592 798 631 fgm.
817 591 867 630 34,
887 592 907 620 4
928 589 1084 621 Doricam.
1129 590 1281 622 hactenus
1303 591 1386 622 male
1409 591 1551 623 sedulam
1573 592 1771 624 librariorum
1794 594 1970 625 atticissan—

211 654 289 684 tium
313 661 420 683 curam
442 650 665 689 abstersimus3
691 660 771 691 quae
794 651 945 691 quonia-m
969 651 1002 681 in
1019 651 1164 693 πορφυρῆς
1179 661 1243 682 non
1261 652 1364 691 potest
1380 651 1499 692 culpari
1514 651 1596 683 alius
1612 662 1697 684 error
1711 654 1970 694 circumspicien-

212 713 270 744 dus
295 714 354 751 cst3
385 711 484 743 obfert
514 721 548 741 sc
578 712 721 742 omnium
750 711 951 750 levissuma,
980 711 1152 741 itacismus.
1199 711 1367 751 scripserat
1389 711 1524 742 Alcman
1551 718 1735 755 πορφυρεοῒς,
1763 713 1864 744 tribus
1891 713 1969 744 illud

212 773 341 812 syllabis
368 772 577 812 efierendum,
601 771 703 812 qualis
728 771 885 810 synizesis
908 771 1041 802 alterum
1064 771 1246 812 exemplum
1270 774 1318 802 est
1340 772 1372 802 in
1397 774 1576 803 tetrametro
1599 772 1752 813 dactylico
1774 776 1871 804 θεοῖσι
1892 768 1969 813 Ἑάδῃ

210 828 387 874 πολύφαμος
415 827 504 875 ἑορτά
534 833 608 872 (34).
663 831 940 871 grannnaticorum
973 841 1083 862 eorum
1110 832 1234 862 somnia
1264 832 1318 872 qui
1349 833 1493 872 corrupta
1524 831 1655 863 dialecto
1684 833 1806 874 decepti
1827 828 1895 870 θιός
1916 834 1967 864 vel

211 894 287 924 adeo
318 888 378 928 σιος
406 893 600 923 invexerunt
635 891 714 921 ultro
744 890 948 930 dissipantur.
1002 890 1101 921 sola-m
1123 892 1324 932 respeximus
1347 892 1601 933 grammaticam,
1629 894 1661 923 at
1682 893 1849 924 attendatis
1873 904 1969 935 quae-

212 963 333 992 sumus7
356 952 598 990 commilitones,
622 953 759 991 quantus
776 951 866 991 vigor
888 951 984 982 simul
1007 951 1181 982 adcreverit
1202 952 1351 993 antiquae
1378 952 1478 992 poesi.
1524 952 1679 993 profunda
1699 954 1794 984 maris
1816 955 1967 995 purpurei

213 1013 264 1044 ubi
286 1013 431 1052 dicimus,
455 1012 644 1043 adiectivum
670 1011 830 1051 ponimus,
859 1011 944 1052 quod
977 1011 1064 1052 epico
1094 1020 1180 1042 more
1208 1011 1315 1052 pulcre
1344 1011 1473 1052 quidem
1495 1012 1633 1043 colorem
1655 1013 1751 1044 maris
1774 1014 1877 1054 qualis
1897 1023 1968 1045 esse

212 1073 289 1104 solet
316 1072 483 1113 depingat,
515 1071 664 1113 peculiari
698 1075 802 1101 autem
825 1071 857 1101 vi
891 1072 1021 1101 omnino
1052 1071 1236 1103 destitutum
1268 1072 1325 1102 sit:
1362 1074 1470 1103 contra
1502 1072 1585 1113 quod
1605 1072 1741 1104 Alcman
1767 1075 1908 1105 monstra
1935 1075 1966 1105 in

212 1134 378 1175 purpureis
399 1133 494 1163 maris
516 1131 682 1172 profundis
705 1130 820 1161 cubare
845 1131 961 1164 voluit.
988 1131 1072 1162 color
1096 1141 1223 1172 quoque
1246 1131 1284 1162 ad
1307 1134 1479 1163 nocturnae
1503 1133 1619 1173 quietis
1642 1135 1768 1174 tempus
1788 1133 1873 1174 quod
1896 1143 1968 1165 eum

212 1194 350 1224 maxime
376 1192 562 1224 describitur
584 1193 664 1222 facit.
711 1192 811 1222 multo
835 1191 893 1223 hoc
915 1192 1075 1232 pulcrius:
1100 1193 1194 1233 atque
1217 1193 1242 1222 si
1267 1193 1489 1233 antiquissima
1506 1202 1653 1234 quaeque
1669 1203 1742 1224 cum
1758 1193 1971 1234 elegiaeorum-

211 1256 277 1285 tum
301 1254 469 1293 lyricorum
494 1253 632 1283 carmina
653 1251 931 1292 perlustraverstis,
963 1252 1099 1282 similem
1122 1253 1248 1283 nativae
1271 1253 1346 1284 artis
1376 1262 1519 1294 saporem
1543 1263 1606 1284 non
1631 1254 1701 1285 sine
1723 1264 1839 1295 magna
1859 1254 1970 1296 volup-

211 1317 271 1346 tate
299 1314 484 1355 percipietis.
538 1313 743 1343 meminimus
772 1311 964 1343 Odofredum
987 1312 1175 1343 Muellerum
1208 1312 1291 1343 idem
1321 1312 1359 1343 de
1392 1322 1517 1344 summo
1548 1317 1641 1354 poeta
1671 1314 1836 1345 monuisse
1858 1315 1970 1346 Archi-

212 1376 319 1407 locho:
343 1375 382 1405 dc
404 1373 587 1404 Pindaricae
612 1373 685 1403 artis
709 1373 915 1404 admiratione
938 1382 1003 1403 non
1027 1373 1105 1403 nihil
1128 1358 1260 1404 fo'rtasse
1285 1373 1480 1404 detrahetur:
1505 1374 1622 1405 incedit
1648 1375 1734 1405 enim
1756 1375 1819 1415 ille,
1848 1379 1882 1405 ut
1903 1374 1969 1406 Ho-

211 1435 399 1466 meridarum
422 1434 576 1474 plerique,
606 1427 743 1471 κελεύθῳ
773 1432 818 1468 τίς
841 1429 972 1468 πολλοὺς
1001 1427 1061 1463 ὦδε
1089 1433 1138 1462 καὶ
1160 1426 1220 1463 ὧδε
1243 1431 1331 1475 φέρει.
1376 1433 1415 1464 dc
1439 1435 1580 1465 numeris
1601 1435 1769 1476 fragmenti
1791 1435 1969 1466 Alcmanici

212 1505 291 1534 quae
315 1497 345 1524 et
366 1494 465 1524 multa
487 1495 517 1523 et
538 1493 727 1533 gravissima
750 1495 825 1523 sunt
847 1493 981 1523 dicenda
1003 1493 1098 1523 huius
1121 1493 1302 1533 scriptionis
1327 1494 1456 1524 modum
1480 1494 1654 1532 excedunt3
1678 1495 1884 1535 proponimus
1899 1498 1968 1526 tan-

209 1555 277 1583 tum
307 1554 393 1592 ipsos
418 1562 530 1583 versus
561 1553 670 1593 quales
699 1553 800 1583 iustae
823 1552 1029 1592 reliquiarum
1054 1551 1307 1583 Alcmanicarum
1331 1551 1471 1593 editioni,
1503 1562 1567 1593 qua
1589 1562 1668 1594 opus
1692 1556 1749 1592 est,
1779 1554 1966 1584 inserendos

211 1621 280 1643 osse
304 1611 489 1644 arbitramur

503 1669 619 1703 εὕδοντι
640 1667 665 1702 δ’
694 1670 793 1714 ὡρέων
815 1671 939 1714 κορυφαί
961 1683 995 1702 τε
1018 1672 1067 1702 καὶ
1090 1667 1241 1714 φάραγγες

503 1732 641 1775 πρωίονές
663 1744 698 1763 τε
721 1733 770 1762 καὶ
791 1728 939 1775 χαράδραι

504 1789 584 1834 φῦλά
606 1804 640 1823 τε
667 1790 795 1836 Ρερπετὰ
817 1788 913 1823 τόσσα
936 1788 1041 1835 τράφει
1064 1792 1189 1834 μέλαινα
1211 1791 1296 1833 γαῖαξ

505 1854 554 1883 καὶ
577 1849 705 1883 κνώδαλ’
732 1854 762 1883 ἐν
785 1853 924 1892 βένθεσσι
945 1857 1115 1895 πορφυρεοῖς
1138 1848 1210 1888 ἁλὸς

507 1913 591 1955 θῆρές
614 1912 637 1943 τ’
666 1909 810 1955 ὀρεσκῷοι
833 1914 882 1943 καὶ
904 1911 987 1954 γένος
1010 1914 1160 1954 μελισσᾶν,

503 1970 618 2004 εὕδοντι
639 1969 664 2002 δ’
693 1975 803 2003 οἰωνῶν
826 1974 906 2015 φῦλα
927 1968 1164 2015 ταψπτερύγων.

375 2035 519 2065 Alcmani
541 2033 766 2073 subiungimus
783 2034 923 2064 Sirpnvs
939 2034 1150 2072 fragmentum
1167 2033 1216 2072 56,
1240 2033 1324 2073 quod
1346 2033 1481 2073 inperite
1498 2034 1601 2073 spreta
1616 2032 1805 2072 optimorum
1820 2031 1963 2063 codicum

208 2095 268 2125 fide
286 2095 464 2135 interpolari
481 2104 551 2124 cnm
570 2094 643 2124 olim
662 2094 871 2132 gravabamur
886 2096 953 2123 tum
969 2093 1131 2123 terendum
1150 2102 1211 2123 non
1230 2102 1301 2123 esse
1316 2092 1453 2133 amplius
1469 2092 1632 2131 duximus,
1647 2093 1814 2132 postquam
1827 2091 1887 2122 hoe
1899 2101 1963 2122 nno

210 2165 308 2185 naevo
333 2155 496 2186 deformari
521 2154 658 2184 vidimus
682 2155 943 2193 1›‹=1·l'‹1=‹÷tissi11111m
964 2153 1095 2184 Kekulei
1118 2152 1271 2192 libellum,
1294 2152 1378 2193 quod
1394 2152 1526 2193 dignum
1543 2162 1661 2183 munus
1676 2152 1824 2183 Instituto
1839 2151 1965 2183 archae-

208 2215 327 2255 ologico
351 2215 528 2256 Capitolino
561 2223 659 2254 nuper
689 2213 800 2244 obtulit
830 2214 1021 2244 universitas
1053 2213 1239 2244 Bonnensis.
1292 2213 1367 2243 olim
1397 2213 1454 2243 hos
1482 2222 1595 2243 versus
1626 2214 1825 2253 excerpserat
1853 2211 1963 2242 doctus

206 2277 429 2315 grammaticus
461 2274 630 2315 (Trypho'.²)
664 2278 695 2304 ut
718 2285 755 2304 cx
781 2274 943 2313 trisyllabo
971 2271 1040 2304 ὤιον
1063 2275 1290 2305 domonstraret
1311 2274 1433 2315 vulgari
1459 2268 1518 2304 ὠόν
1540 2272 1783 2304 adscribendum
1806 2281 1878 2303 esse
1901 2272 1964 2303 iota

207 2340 338 2368 mutum.
381 2338 472 2367 cuius
493 2336 735 2375 disputationem
761 2335 857 2365 altero
882 2345 908 2374 p.
934 2334 986 2365 Cli.
1012 2335 1137 2366 saeculo
1160 2337 1299 2365 exeunte
1323 2333 1523 2374 ‹·onpilar1111t
1546 2334 1607 2364 duo
1630 2333 1776 2364 homines
1798 2332 1843 2363 uti
1863 2334 1964 2364 aetate

207 2399 237 2427 ot
260 2398 359 2436 patria
381 2398 423 2427 ita
445 2396 610 2436 multiplici
636 2395 767 2425 lection(-
791 2398 821 2425 ot
844 2395 968 2435 profusa
993 2395 1170 2435 conpilandi
1196 2394 1324 2425 libidine
1348 2394 1509 2436 aequales,
1532 2393 1734 2424 Herodianus
1758 2395 1852 2434 atque
1867 2393 1965 2424 Athe-

208 2466 317 2496 naeus,
339 2466 473 2497 quorum
497 2456 574 2486 alter
597 2456 687 2486 hodie
711 2467 729 2486 a
749 2456 910 2495 plerisque
933 2465 1033 2495 paene
1057 2455 1174 2485 (livinis
1197 2454 1371 2485 honoribus
1394 2454 1485 2485 adfici
1509 2454 1597 2494 solet,
1627 2454 1718 2494 quasi
1742 2454 1886 2494 proprias
1909 2463 1965 2484 ex-

207 2520 362 2556 promeret
391 2517 532 2551 divitiam
565 2517 651 2548 alteri
675 2516 723 2546 vel
748 2517 834 2556 pueri
860 2515 1061 2553 maledicunt,
1085 2517 1175 2556 quasi
1203 2515 1280 2545 nihil
1302 2525 1364 2546 non
1389 2515 1510 2546 furatus
1537 2516 1634 2553 esset3
1669 2517 1782 2546 neuter
1812 2515 1964 2545 nimirum

207 2579 288 2606 recte
304 2577 425 2617 legitur.
466 2587 503 2607 ex
523 2577 688 2607 Athenaeo
704 2577 800 2617 igitur
815 2576 966 2616 Sapphica
984 2576 1059 2606 haec
1082 2576 1219 2606 servavit
1239 2576 1376 2615 epitoma
1399 2575 1470 2616 φασὶ
1492 2569 1529 2608 δή
1552 2585 1628 2605 ποτε
1645 2570 1747 2608 Λήδαν
1770 2571 1839 2604 ὤιον
1860 2571 1963 2617 εὑρεῖν;

206 2637 241 2667 ad
276 2637 489 2668 Herodianum
518 2638 584 2667 iuro
614 2636 730 2667 rettulit
752 2635 902 2666 Lentzius
927 2646 1008 2676 quae
1032 2637 1061 2665 in
1086 2635 1302 2675 Etymologieo
1327 2634 1441 2675 Magno
1465 2644 1488 2665 s.
1514 2645 1542 2665 v.
1568 2630 1627 2664 ὠὸν
1648 2635 1797 2675 leguntur
1819 2634 1908 2665 aliter
1929 2634 1961 2664 in
