2262 2996
1086 189 1134 194 —
1199 184 1207 204 )
1258 190 1310 196 --

321 271 391 303 aliis
412 272 574 304 codicibus
597 275 751 314 corrupta,
778 276 812 305 ut
833 276 939 306 tamen
968 276 1110 306 recensio
1137 277 1224 307 facile
1251 278 1415 317 recuperet
1437 277 1510 318 φασὶ
1531 273 1568 310 δὴ
1592 274 1730 319 ποταμὸν
1751 272 1880 310 ληδανὸν
1901 272 2067 306 ὑακίνθινον

321 328 544 375 πεπυκαδμένον
571 330 660 376 εὑρεῖν
690 330 767 364 ὤιον.
818 334 903 365 unde
933 336 988 375 qui
1020 345 1131 366 versus
1157 335 1366 377 exculpebant
1393 337 1427 366 in
1453 336 1511 366 hoe
1538 338 1616 367 miro
1648 336 1762 368 iudicio
1787 335 2010 375 conspirabant
2032 339 2067 366 ut

321 387 458 433 ποταμόν
487 387 615 426 ληδανόν
643 402 684 423 ex
711 403 786 423 ποτε
817 388 935 431 Λήδαν,
963 395 1046 435 quod
1076 396 1159 435 apud
1187 396 1385 426 Athenaeum
1412 397 1474 435 est,
1505 395 1728 427 arbitrarentur
1757 398 1946 437 corruptum.
1992 395 2065 425 inde

321 453 444 482 numeri
471 452 568 492 nulli,
597 462 716 493 susque
738 453 841 494 deque
862 456 982 485 cuncta.
1032 455 1118 494 atqui
1144 464 1193 485 res
1217 455 1450 495 simplicissima
1473 457 1533 493 est3
1568 465 1672 496 neque
1692 456 1808 487 residet
1829 455 1980 486 dubitatio
2002 456 2065 485 nisi

321 512 352 542 in
383 512 502 543 ultimis
531 513 666 552 voculis,
697 514 812 554 quippe
834 514 868 544 in
891 524 1024 555 quarum
1047 515 1259 546 conlocatione
1282 518 1378 547 testes
1399 515 1562 546 dissidant.
1608 516 1770 546 nescimus
1794 518 1898 547 utrum
1920 515 2064 556 Sapphus

320 581 446 603 carmen
472 581 513 602 ex
541 573 679 612 priapeis
707 574 880 604 constiterit
907 571 987 604 κατὰ
1017 574 1119 616 στίχον
1146 577 1285 616 repetitis
1315 586 1353 606 an
1382 585 1422 606 cx
1448 576 1610 616 glyconeis
1638 572 1718 605 κατὰ
1747 575 1846 617 σχέσιν
1875 576 2064 607 continuatis

319 630 530 662 intercedente
560 629 640 661 κατὰ
665 630 864 675 περιορισμοὺς
893 632 1007 670 ἀνίσους
1033 635 1240 675 pherecrateo.
1286 636 1525 675 hyacinthinum
1548 645 1642 665 ovum
1667 635 1759 675 quale
1782 638 1867 667 esset
1888 645 1952 666 non
1974 636 2065 666 intel-

319 690 516 732 legebamus:
547 691 785 730 hyacinthinum
815 693 875 724 dici
897 693 1045 725 Eurotam
1075 694 1207 726 libenter
1228 695 1392 735 audimus,
1415 705 1608 736 quamquam
1630 697 1735 725 utrum
1762 695 1799 726 ab
1822 696 1999 735 hyacinthis
2024 696 2065 726 ita

319 750 438 781 dicatur
464 761 504 782 an
535 750 572 782 ab
599 751 777 791 Hyacinthe
806 762 868 783 non
897 756 944 784 est
972 763 1033 794 quo
1064 754 1282 785 diiudicomus.
1334 755 1408 785 haec
1431 756 1526 795 igitur
1550 765 1612 786 non
1636 755 1704 785 sine
1730 755 1889 795 voluptate
1912 756 2063 786 lecturum

318 819 389 841 esse
412 810 603 841 Kekuleium
627 821 791 851 speramus

942 877 1023 913 φαῖσι
1045 868 1082 906 δὴ
1105 884 1184 903 ποτα
1204 868 1308 907 Λήδαν

610 929 646 960 ον’
674 929 840 960 ὐακίνθινον
861 926 998 973 πότοιμον
1020 928 1244 974 πεπυκάδμενον
1267 929 1336 963 ὤιον

611 986 693 1032 εὕρ-ην

484 1058 667 1099 Athenaeus
679 1068 737 1089 -xlv
753 1059 813 1089 616
830 1068 875 1100 sq.
900 1059 1014 1090 librum
1037 1062 1196 1101 excerpsit
1217 1061 1316 1102 ignoti
1339 1061 1486 1100 auctoris,
1510 1060 1564 1091 sed
1580 1061 1635 1091 vix
1651 1062 1722 1101 post
1736 1070 1768 1091 111
1783 1071 1809 1091 a.
1828 1060 1880 1090 Oh.
1902 1062 2064 1093 saeculum

318 1119 479 1158 scriptum,
501 1119 551 1148 eui
574 1127 647 1148 eum
670 1118 731 1149 alia
753 1118 1141 1160 dithyrambographorum
1164 1120 1315 1152 debemus
1336 1121 1519 1162 fragmenta,
1542 1122 1608 1151 tum
1625 1119 1781 1151 PRATINAE
1802 1121 2012 1162 hyporehema
2035 1124 2065 1153 et

318 1179 458 1209 numeris
485 1180 516 1208 et
543 1178 645 1209 verbis
675 1182 705 1209 et
734 1180 898 1210 sententiis
927 1181 1041 1220 pariter
1067 1180 1293 1211 admirandum
1345 1183 1530 1221 anapaestos
1552 1177 1631 1210 κατὰ
1655 1180 1753 1222 σχέσιν
1777 1182 1846 1212 sine
1867 1183 2064 1222 paroemiaeo

317 1239 515 1269 continuatos
545 1239 662 1279 excipit
687 1248 790 1279 genus
815 1239 893 1270 illud
921 1240 1006 1280 quod
1035 1242 1065 1271 et
1092 1241 1187 1281 vulgo
1217 1241 1331 1272 dicitur
1353 1245 1383 1271 et
1405 1240 1443 1272 ab
1468 1242 1536 1282 ipso
1559 1240 1686 1272 Pratina
1709 1241 1826 1272 dictum
1852 1244 1900 1272 est
1922 1241 2062 1273 Dorium.

318 1297 401 1337 quod
427 1298 579 1338 singulari
602 1299 695 1339 plane
717 1299 846 1330 artificio
870 1301 912 1330 ita
934 1300 1160 1330 conformatum
1183 1301 1230 1330 est
1250 1302 1284 1330 ut
1305 1301 1424 1340 primae
1447 1302 1568 1331 tantum
1590 1300 1710 1340 periodi
1732 1300 1882 1332 membris
1903 1301 2063 1341 dactylicis

317 1358 487 1388 instructae
511 1358 583 1395 sint,
605 1368 679 1389 mox
700 1359 766 1389 sola
788 1359 942 1390 trochaica
964 1362 1062 1390 metra
1086 1362 1115 1390 et
1138 1360 1346 1390 solutionibus
1372 1362 1402 1390 et
1424 1359 1669 1391 detractionibus
1685 1370 1786 1400 paene
1801 1361 1840 1392 ad
1854 1361 2063 1401 Aeschyleam

317 1417 438 1456 copiam
469 1417 614 1448 distincta
641 1421 828 1459 sequantur,
858 1419 994 1459 denique
1018 1419 1211 1458 dactylorum
1233 1420 1304 1450 viee
1333 1419 1528 1459 ithyphalliei
1556 1419 1742 1460 fungantur,
1773 1430 1835 1461 qua
1864 1421 2063 1461 copulatione

316 1475 471 1507 Pindarus
495 1477 623 1517 quidem
652 1477 843 1508 abstinuisse
866 1478 1000 1517 videtur,
1029 1479 1245 1517 dithyrambus
1267 1479 1391 1509 Atticus
1413 1488 1488 1509 vore
1511 1480 1545 1509 in
1567 1480 1676 1519 primis
1704 1480 1875 1511 delectatus
1897 1489 1952 1511 est.
2000 1492 2060 1511 nen

315 1544 485 1575 possumus
513 1536 614 1566 faeere
644 1538 721 1576 quin
748 1538 887 1577 integros
915 1538 1112 1577 adponamus
1136 1547 1265 1574 versus,
1297 1547 1489 1578 quamquam
1518 1539 1662 1578 plerique
1692 1548 1764 1569 cum
1795 1538 1833 1569 ab
1861 1540 1930 1570 aliis
1957 1545 2021 1569 tum
2047 1549 2061 1568 a

315 1594 450 1634 Borgkio
473 1599 557 1625 reete
579 1598 610 1625 et
630 1595 772 1636 discripti
796 1599 870 1626 sunt
892 1599 923 1627 et
943 1597 1108 1628 emendati.

606 1680 650 1716 τίς
671 1677 686 1711 ὁ
711 1676 835 1723 θόρυβος
858 1677 924 1719 ὅδε’,
948 1681 976 1711 τί
999 1677 1072 1711 τάδε
1094 1678 1134 1711 τὰ
1155 1676 1343 1723 χορεύματα;
1366 1682 1410 1717 τίς
1432 1680 1510 1724 ὕβρις
1533 1683 1638 1724 ἔμολεν
1661 1683 1707 1713 ἐπὶ

690 1736 864 1770 Διονυσιάδα
886 1736 1088 1782 πολυπατάγα
1111 1740 1262 1782 θυμέλαν;
1285 1738 1355 1783 ἐμὸς
1376 1738 1446 1783 ἐμὸς
1469 1738 1484 1771 ὁ
1511 1737 1642 1784 Βρόμιος,

689 1798 742 1841 ἐμὲ
765 1796 811 1830 δεῖ
830 1796 973 1837 κελαδεῖν,
994 1799 1046 1841 ε’μὲ
1069 1796 1115 1830 δεῖ·
1134 1805 1278 1842 παταγεῖν
1300 1799 1339 1830 ἀν’
1368 1797 1436 1843 ὄρεα
1460 1797 1582 1843 σύμενον
1606 1799 1683 1844 μετὰ
1705 1797 1846 1832 Ναιάδων

607 1855 653 1889 οἷα
674 1870 708 1890 τε
732 1855 836 1889 κύκνον
858 1846 972 1901 ἅχοντα
993 1855 1221 1902 ποικιλόπτερον
1244 1859 1342 1902 μέλος.

605 1917 660 1949 τὰν
682 1915 785 1949 ἀοιδὰν
807 1919 976 1950 κατέστασε
999 1920 1099 1962 Πιερὶς
1122 1919 1284 1959 βασίλειαν*
1309 1917 1324 1950 ὁ
1348 1916 1374 1950 δ’
1399 1917 1489 1956 αὐλὸς

316 1919 333 1947 ὓι

605 1977 726 2021 ὕστερον
748 1978 911 2021 χορευέτω·
935 1980 984 2009 καὶ
1005 1976 1060 2021 γάρ
1084 1979 1144 2009 ἐσθ’
1171 1977 1329 2022 ὑπηρέτας·

605 2034 716 2080 κώμοις
738 2034 826 2079 μόνον
844 2035 1030 2081 θυραμάχοις
1052 2050 1086 2069 τε
1108 2040 1303 2082 πυγμαχίαισι
1325 2039 1397 2070 νέων
1419 2039 1507 2070 θέλοι
1527 2041 1670 2083 παροίνων

606 2099 727 2140 ἔμμεναι
748 2094 965 2141 στρατηλάτας.

605 2159 680 2188 παῦε
701 2155 754 2188 τὸν
776 2158 890 2200 φρυνίου
911 2158 1045 2188 ποικίλου
1066 2155 1157 2188 πνοὰν
1178 2157 1297 2200 χέοντα,

315 2216 353 2247 10
608 2217 700 2259 φλέγε
719 2215 772 2248 τὸν
794 2213 1101 2260 ὀλεσισιαλοκάλαμον
1123 2213 1335 2261 λαλοβαρύοπα
1357 2214 1800 2262 βραδυπαραμελορυθμοβάταν

604 2280 699 2307 admo«.
720 2273 856 2320 τρυπάνῳ
880 2274 973 2320 δέμας
996 2277 1210 2319 πεπλασμένον.

566 2373 570 2375 Ἴ
605 2335 640 2371 ’ἣν
663 2333 734 2375 ἰδού,
758 2333 812 2368 ἅδε
836 2338 880 2367 σοὶ
901 2333 993 2375 δεξιά,
1019 2338 1067 2367 καὶ
1089 2333 1181 2373 ποδὸς
1202 2333 1346 2380 διαρριφά,
1369 2334 1675 2381 θριαμβοδιθύραμβε,

605 2393 769 2439 κισσόχαιτ’
797 2393 871 2433 ἄναξ
892 2394 982 2427 ἄκουε
1006 2395 1062 2427 ταν
1084 2394 1158 2439 ἐμὰν
1179 2392 1288 2440 Δώριον
1309 2398 1434 2440 χορείαν.

314 2490 342 2510 v.
363 2481 378 2510 7
401 2481 485 2512 θέλει
505 2482 621 2514 codicis
644 2484 894 2523 emendavimus,
918 2485 1019 2514 cetera
1041 2493 1059 2513 a
1073 2482 1209 2524 Bergkio
1225 2493 1289 2514 non
1309 2483 1494 2524 discrepant.
1541 2484 1597 2514 sed
1619 2495 1646 2515 v.
1666 2486 1684 2514 9
1707 2484 1810 2515 locum
1827 2484 1886 2515 sibi
1908 2484 2061 2525 flagitavit

313 2539 453 2581 Emperii
475 2544 691 2574 acutissimum
710 2544 886 2583 inventum,
911 2544 966 2583 qui
988 2543 1102 2585 φρυνίου
1125 2553 1166 2573 ex
1189 2543 1333 2585 φρυναίου,
1356 2538 1446 2573 πνοαν
1467 2553 1507 2574 ex
1530 2544 1730 2589 xpoxvlfecit3
1753 2544 1864 2586 χέοντα
1886 2553 1927 2574 ex
1950 2545 2059 2586 ἔχοντα

313 2601 365 2632 alii
397 2601 531 2642 quodam
564 2603 655 2635 modo
685 2605 866 2645 praeierant.
913 2604 1030 2635 summi
1058 2603 1154 2634 critici
1186 2605 1265 2637 erat,
1301 2605 1423 2634 varium
1453 2603 1612 2634 bubonem
1636 2605 1722 2635 vario
1753 2614 1851 2644 cycno
1879 2605 2059 2645 oppositum
